@misc{poolhop,
	title={{Optimal pool abuse strategy}},
	author={Raulo},
	Howpublished={\url{http://bitcoin.atspace.com/poolcheating.pdf}},
	year={2011}
	
}


@misc{randomsums,
	title={Random Sums of Random Variables },
	author={Dunbar, Steve},
	Howpublished={\url{http://www.math.unl.edu/~sdunbar1/ProbabilityTheory/Lessons/Conditionals/RandomSums/randsum.shtml}},
	year={}
	
}


@inproceedings{karame2012double,
	title={Double-spending fast payments in {B}itcoin},
	author={Karame, Ghassan O and Androulaki, Elli and Capkun, Srdjan},
	booktitle={Proceedings of the 2012 ACM conference on Computer and communications security},
	Apages={906--917},
	year={2012},
	organization={ACM}
}




@misc{wBlockgoodandbad,
	title={{Weak Blocks -- The Good And The Bad}},
	author={Kalle Rosenbaum},
	Howpublished={\url{http://popeller.io/index.php/2016/01/19/weak-blocks-the-good-and-the-bad/}},
	year={2016}
	
}


@misc{wBlockSimulator,
	title={{Weak block simulator for Bitcoin}},
	author={Rusty Russell},
	Howpublished={\url{https://bitcointalk.org/index.php?topic=179598.0}},
	year={2017}
	
}

@misc{ghash,
	title={{Bitcoin pool GHash.io commits to 40\% hashrate limit after its 51\% breach}},
	author={Farivar, Cyrus},
	Howpublished={\url{https://arstechnica.com/information-technology/2014/07/bitcoin-pool-ghash-io-commits-to-40-hashrate-limit-after-its-51-breach/}},
	journal={Ars Technica},
	year={2014}
}

@article{rosenbaum2015iblt,
	title={IBLT and Weak Block Propagation Performance},
	author={Rosenbaum, Kalle and Russell, Rusty},
	journal={Scaling Bitcoin Hong Kong 2015},
	year={2015}
}


@article{gencer2018decentralization,
	title={{Decentralization in Bitcoin and Ethereum networks}},
	author={Gencer, Adem Efe and Basu, Soumya and Eyal, Ittay and van Renesse, Robbert and Sirer, Emin G{\"u}n},
	journal={arXiv preprint arXiv:1801.03998},
	year={2018}
}

@inproceedings{lewenberg2015inclusive,
	title={Inclusive block chain protocols},
	author={Lewenberg, Yoad and Sompolinsky, Yonatan and Zohar, Aviv},
	booktitle={International Conference on Financial Cryptography and Data Security},
	Apages={528--547},
	year={2015},
	organization={Springer}
}

@inproceedings{luu2015power,
	title={On power splitting games in distributed computation: The case of {B}itcoin pooled mining},
	author={Luu, Loi and Saha, Ratul and Parameshwaran, Inian and Saxena, Prateek and Hobor, Aquinas},
	booktitle={Computer Security Foundations Symposium (CSF), 2015 IEEE 28th},
	Apages={397--411},
	year={2015},
	organization={IEEE}
}

@article{courtois2014subversive,
	title={On subversive miner strategies and block withholding attack in {B}itcoin digital currency},
	author={Courtois, Nicolas T and Bahack, Lear},
	journal={arXiv preprint arXiv:1402.1718},
	year={2014}
}

@inproceedings{dwork1992pricing,
	title={Pricing via processing or combatting junk mail},
	author={Dwork, Cynthia and Naor, Moni},
	booktitle={Annual International Cryptology Conference},
	Apages={139--147},
	year={1992},
	organization={Springer}
}

@article{bahack2013theoretical,
	title={Theoretical {B}itcoin Attacks with less than Half of the Computational Power (draft)},
	author={Bahack, Lear},
	journal={arXiv preprint arXiv:1312.7013},
	year={2013}
}

@inproceedings{longrunBitcoin,
  title={Trends, Tips, Tolls: A Longitudinal Study of Bitcoin Transaction Fees},
  author={Malte M{\"o}ser and Rainer B{\"o}hme},
  booktitle={Financial Cryptography Workshops},
  year={2015}
}

@inproceedings{carlsten2016instability,
	author    = {Miles Carlsten and
	Harry A. Kalodner and
	S. Matthew Weinberg and
	Arvind Narayanan},
	title     = {On the Instability of {B}itcoin Without the Block Reward},
	booktitle = {Proceedings of the 2016 {ACM} {SIGSAC} Conference on Computer and
	Communications Security},
	Apages     = {154--167},
	year      = {2016},
	url       = {http://doi.acm.org/10.1145/2976749.2978408},
	doi       = {10.1145/2976749.2978408},
	timestamp = {Mon, 24 Oct 2016 18:57:12 +0200},
	biburl    = {https://dblp.org/rec/bib/conf/ccs/CarlstenKWN16},
	bibsource = {dblp computer science bibliography, https://dblp.org}
}

@inproceedings{gapgame,
  title={The gap game},
  author={Tsabary, Itay and Eyal, Ittay},
  booktitle={Proceedings of the 2018 ACM SIGSAC Conference on Computer and Communications Security},
  Apages={713--728},
  year={2018},
  organization={ACM}
}


@inproceedings{douceur2002sybil,
	title={The {S}ybil attack},
	author={Douceur, John R},
	booktitle={International workshop on peer-to-peer systems},
	Apages={251--260},
	year={2002},
	organization={Springer}
}

@inproceedings{heilman2015eclipse,
  title={Eclipse Attacks on {B}itcoin's Peer-to-Peer Network.},
  author={Heilman, Ethan and Kendler, Alison and Zohar, Aviv and Goldberg, Sharon},
  booktitle={USENIX Security Symposium},
  Apages={129--144},
  year={2015}
}

@inproceedings{eyal2015miner,
  title={The miner's dilemma},
  author={Eyal, Ittay},
  booktitle={2015 IEEE Symposium on Security and Privacy (SP)},
  Apages={89--103},
  year={2015},
  organization={IEEE}
}

@article{rosenfeld2011analysis,
  title={Analysis of {B}itcoin pooled mining reward systems},
  author={Rosenfeld, Meni},
  journal={arXiv preprint arXiv:1112.4980},
  year={2011}
}

@inproceedings{garay2015bitcoin,
  title={The {B}itcoin backbone protocol: Analysis and applications},
  author={Garay, Juan and Kiayias, Aggelos and Leonardos, Nikos},
  booktitle={Annual International Conference on the Theory and Applications of Cryptographic Techniques},
  Apages={281--310},
  year={2015},
  organization={Springer}
}

@misc{cryptoeprint-2016-917,
    author = {Rafael Pass and Elaine Shi},
    title = {Hybrid Consensus: Efficient Consensus in the Permissionless Model},
    howpublished = {Cryptology ePrint Archive, Report 2016/917},
    year = {2016},
    note = {\url{https://eprint.iacr.org/2016/917}}
}

@misc{zamyatinflux,
   author = {Zamyatin, Alexei and Stifter, Nicholas and Schindler, Philipp and Weippl, Edgar and Knottenbelt, William J},
   title = {{Flux}: Revisiting Near Blocks for Proof-of-Work Blockchains},
   howpublished = {Cryptology ePrint Archive, Report 2018/415},
   year         = {2018},   
   note         = {\url{https://eprint.iacr.org/2018/415/20180529:172206}}
}

@article{rizun2016subchains,
  title={Subchains: A technique to scale {B}itcoin and improve the user experience},
  author={Rizun, Peter R},
  journal={Ledger},
  volume={1},
  Apages={38--52},
  year={2016}
}

@inproceedings{pass2017fruitchains,
  title={Fruitchains: A fair blockchain},
  author={Pass, Rafael and Shi, Elaine},
  booktitle={Proceedings of the ACM Symposium on Principles of Distributed Computing},
  Apages={315--324},
  year={2017},
  organization={ACM}
}

@article{ritz2018impact,
  title={The Impact of Uncle Rewards on Selfish Mining in {E}thereum},
  author={Ritz, Fabian and Zugenmaier, Alf},
  journal={arXiv preprint arXiv:1805.08832},
  year={2018}
}

@misc{ethereum-classic-GHOST,
  title={ECIP-1029: Include Uncles in Total Difficulty Calculation},
  author={Tang, Wei},
  url={https://github.com/ethereumproject/ECIPs/pull/71},
  year={2017}
  
}

@misc{p2pool,
  title={{P2Pool -- Decentralized {B}itcoin Mining Pool}},
  author={P2Pool.org},
  url={http://p2pool.org/},
  year={2017}
  
}

@misc{nearBlockFirst,
	title={{Decoupling Transactions and PoW}},
	author={{TierNolan (Pseudonymous)}},
	Howpublished={\url{https://bitcointalk.org/index.php?topic=179598.0}},
	year={2013}
	
}

@misc{GA1,
	title={{Faster blocks vs bigger blocks}},
	author={{Gavin Andresen}},
	Howpublished={\url{https://bitcointalk.org/index.php?topic=673415.msg7658481#msg7658481}},
	year={2014}
}

@misc{GA2,
	title={{Weak block thoughts}},
	author={{Gavin Andresen}},
	Howpublished={\url{https://lists.linuxfoundation.org/pipermail/bitcoin-dev/2015-September/011157.html}},
	year={2015}
}

@misc{TN1,
	title={{Distributing low POW headers}},
	author={Tier Nolan},
	Howpublished={\url{https://lists.linuxfoundation.org/pipermail/bitcoin-dev/2013-July/002976.html}},
	year={2013}
}


@misc{PT1,
	title={{Near-block broadcasts for proof of tx propagation}},
	author={Peter Todd},
	Howpublished={\url{https://lists.linuxfoundation.org/pipermail/bitcoin-dev/2013-September/003275.html}},
	year={2013}
}





@misc{ethereum-tie-breaking,
  title={Ethereum tie breaking.},
  author={Ethereum.},
  url={https://github.com/ethereum/go-ethereum/commit/bcf565730b1816304947021080981245d084a930},
  year={2014}
  
}

@inproceedings{sapirshtein2016optimal,
  title={Optimal selfish mining strategies in {B}itcoin},
  author={Sapirshtein, Ayelet and Sompolinsky, Yonatan and Zohar, Aviv},
  booktitle={International Conference on Financial Cryptography and Data Security},
  Apages={515--532},
  year={2016},
  organization={Springer}
}

@inproceedings{androulaki2013evaluating,
  title={Evaluating user privacy in {B}itcoin},
  author={Androulaki, Elli and Karame, Ghassan O and Roeschlin, Marc and Scherer, Tobias and Capkun, Srdjan},
  booktitle={International Conference on Financial Cryptography and Data Security},
  Apages={34--51},
  year={2013},
  organization={Springer}
}

@inproceedings{gervais2016security,
  title={On the security and performance of proof of work blockchains},
  author={Gervais, Arthur and Karame, Ghassan O and W{\"u}st, Karl and Glykantzis, Vasileios and Ritzdorf, Hubert and Capkun, Srdjan},
  booktitle={Proceedings of the 2016 ACM SIGSAC Conference on Computer and Communications Security},
  Apages={3--16},
  year={2016},
  organization={ACM}
}

@article{2013-Sompolinsky,
  title={Accelerating {B}itcoin'  s transaction processing},
  author={Sompolinsky, Yonatan and Zohar, Aviv},
  journal={Fast Money Grows on Trees, Not Chains},
  year={2013},
  publisher={Citeseer}
}

@misc{ethereum-white-paper,
  title={{A Next-Generation Smart Contract and Decentralized Application Platform}},
  author={Ethereum team},
  Howpublished = {\url{https://github.com/ethereum/wiki/wiki/White-Paper\#modified-ghost-implementation}},
  year={2018}
}

@article{lemieux2016trusting,
  title={Trusting records: is Blockchain technology the answer?},
  author={Lemieux, Victoria Louise and Lemieux, Victoria Louise},
  journal={Records Management Journal},
  year={2016},
  publisher={Emerald Group Publishing Limited}
}

@article{liwill,
  title={Will Blockchain Change the Audit?},
  year={2017},
  author={Li, Zhiyong}
}

@misc{spoke2015blockchain,
  title={How Blockchain Tech Will Change Auditing for Good},
  author={Spoke, Matthew},
  year={2015},
  publisher={CoinDesk}
}

@article{lemieuxblockchain,
  title={Blockchain and Distributed Ledgers as Trusted Recordkeeping Systems},
  author={Lemieux, Victoria L}
}

@inproceedings{jamthagen2016blockchain,
  title={Blockchain-based publishing layer for the Keyless Signing Infrastructure},
  author={J{\"a}mthagen, Christopher and Hell, Martin},
  booktitle={Ubiquitous Intelligence \& Computing, Advanced and Trusted Computing, Scalable Computing and Communications, Cloud and Big Data Computing, Internet of People, and Smart World Congress (UIC/ATC/ScalCom/CBDCom/IoP/SmartWorld), 2016 Intl IEEE Conferences},
  year={2016},
  organization={IEEE}
}

@INPROCEEDINGS{Gipp15a,
author = {Gipp, Bela and Meuschke, Norman and
Gernandt, Andre},
title = {Decentralized Trusted Timestamping using
the Crypto Currency {B}itcoin},
booktitle = {Proceedings of the iConference 2015},
year = {2015},
address = {Newport Beach, CA, USA},
url = {http://ischools.org/the-iconference/}
}

@article{clark2012commitcoin,
  title={Commitcoin: Carbon dating commitments with {B}itcoin},
  author={Clark, Jeremy and Essex, Aleksander},
  journal={Financial Cryptography and Data Security},
  volume={7397},
  year={2012},
  publisher={Springer}
}

@inproceedings{haber1990time,
  title={How to time-stamp a digital document},
  author={Haber, Stuart and Stornetta, W Scott},
  booktitle={Conference on the Theory and application of Cryptography},
  Apages={437--455},
  year={1990},
  organization={Springer}
}

@article{gao2017decentralized,
  title={A Decentralized Trusted Timestamping Based on Blockchains},
  author={Gao, Yuefei and Nobuhara, Hajime},
  journal={IEEJ Journal of Industry Applications},
  year={2017},
  publisher={The Institute of Electrical Engineers of Japan}
}

@inproceedings{heilman2014one,
  title={One weird trick to stop selfish miners: Fresh {B}itcoins, a solution for the honest miner},
  author={Heilman, Ethan},
  booktitle={International Conference on Financial Cryptography and Data Security},
  year={2014},
  organization={Springer}
}

@misc{shirriff2014hidden,
  title={Hidden surprises in the {B}itcoin blockchain and how they are stored: Nelson Mandela, Wikileaks, photos, and Python software},
  author={Shirriff, Ken},
  year={2014}
}

@inproceedings{eyal2014majority,
  title={Majority is not enough: {B}itcoin mining is vulnerable},
  author={Eyal, Ittay and Sirer, Emin G{\"u}n},
  booktitle={International conference on financial cryptography and data security},
  Apages={436--454},
  year={2014},
  organization={Springer}
}

@inproceedings{adrian2015imperfect,
  title={Imperfect forward secrecy: How Diffie-Hellman fails in practice},
  author={Adrian, David and Bhargavan, Karthikeyan and Durumeric, Zakir and Gaudry, Pierrick and Green, Matthew and Halderman, J Alex and Heninger, Nadia and Springall, Drew and Thom{\'e}, Emmanuel and Valenta, Luke and others},
  booktitle={Proceedings of the 22nd ACM SIGSAC Conference on Computer and Communications Security},
  year={2015},
  organization={ACM}
}

@inproceedings{decker2013information,
  title={Information propagation in the {B}itcoin network},
  author={Decker, Christian and Wattenhofer, Roger},
  booktitle={Peer-to-Peer Computing (P2P), 2013 IEEE Thirteenth International Conference on},
  year={2013},
  organization={IEEE}
}

@misc{roughtime,
    Author = {Google},
    Howpublished = {\url{https://roughtime.googlesource.com/}},
    Title = {Roughtime},
    Year = 2016}

@inproceedings{Merkle1988,
    Author = {Merkle, Ralph C.},
    Booktitle = {Proceedings of Advances in Cryptology},
    Title = {A Digital Signature Based on a Conventional Encryption Function},
    Year = {1988}}

@misc{edstrom2012blog,
  title={Fun with the TLS handshake},
  author={Edstr{\"o}m, Bj{\"o}rn},
  Howpublished = {\url{http://blog.bjrn.se/2012/07/fun-with-tls-handshake.html}},
  year={2012}
}

@misc{nakamoto2008bitcoin,
  title={Bitcoin: A peer-to-peer electronic cash system},
  author={Nakamoto, Satoshi},
  year={2008}
}

@inproceedings{dmitrienko2017secure,
  title={Secure Wallet-Assisted Offline {B}itcoin Payments with Double-Spender Revocation},
  author={Dmitrienko, Alexandra and Noack, David and Yung, Moti},
  booktitle={Proceedings of the 2017 ACM on Asia Conference on Computer and Communications Security},
  year={2017},
  organization={ACM}
}

@inproceedings{gervais2015tampering,
  title={Tampering with the delivery of blocks and transactions in {B}itcoin},
  author={Gervais, Arthur and Ritzdorf, Hubert and Karame, Ghassan O and Capkun, Srdjan},
  booktitle={Proceedings of the 22nd ACM SIGSAC Conference on Computer and Communications Security},
  Apages={692--705},
  year={2015},
  organization={ACM}
}

@misc{ots,
    Howpublished = {\url{https://opentimestamps.org/}},
    Title = {Open Timestamps},
    Year = 2018}

@misc{culubas,
    Author = {Alex Boverman},
    Title = {Timejacking \& {B}itcoin},
    Howpublished =
    {\url{https://culubas.blogspot.sg/2011/05/timejacking-bitcoin_802.html}},
    Year = 2011}

 @article{szalachowski2018blockchain,
  title={Blockchain-based TLS Notary Service},
  author={Szalachowski, Pawel},
  journal={arXiv preprint arXiv:1804.00875},
  year={2018}
}

@incollection{bayer1993improving,
  title={Improving the efficiency and reliability of digital time-stamping},
  author={Bayer, Dave and Haber, Stuart and Stornetta, W Scott},
  booktitle={Sequences II},
  Apages={329--334},
  year={1993},
  publisher={Springer}
}

@inproceedings{SzCVCBT18,
  author = {Pawel Szalachowski},
  title = {(Short Paper) Towards More Reliable {B}itcoin Timestamps},
  booktitle = {Proceedings of the Crypto Valley Conference on Blockchain Technology (CVCBT)},
  year = {2018}
}

@inproceedings{eyal2016bitcoinng,
  title={Bitcoin-{NG}: A Scalable Blockchain Protocol.},
  author={Eyal, Ittay and Gencer, Adem Efe and Sirer, Emin G{\"u}n and Van Renesse, Robbert},
  booktitle={Proceedings of NSDI},
  Apages={45--59},
  year={2016}
}

@article{papagiannaki2003measurement,
  title={Measurement and analysis of single-hop delay on an {IP} backbone network},
  author={Papagiannaki, Konstantina and Moon, Sue and Fraleigh, Chuck and Thiran, Patrick and Diot, Christophe},
  journal={IEEE Journal on Selected Areas in Communications},
  volume={21},
  number={6},
  Apages={908--921},
  year={2003},
  publisher={IEEE}
}

@article{wood2014ethereum,
  title={Ethereum: A secure decentralised generalised transaction ledger},
  author={Wood, Gavin},
  journal={Ethereum project yellow paper},
  volume={151},
  Apages={1--32},
  year={2014}
}

@misc{sompolinsky2016spectre,
  title={{SPECTRE}: Serialization of proof-of-work events: confirming transactions via recursive elections},
  author={Sompolinsky, Yonatan and Lewenberg, Yoad and Zohar, Aviv},
  year={2016}
}

@misc{cryptoeprint:2018:104,
    author = {Yonatan Sompolinsky and Aviv Zohar},
    title = {{PHANTOM}, {GHOSTDAG}: Two Scalable {BlockDAG} protocols},
    howpublished = {Cryptology ePrint Archive, Report 2018/104},
    year = {2018},
    note = {\url{https://eprint.iacr.org/2018/104}},
}

@inproceedings{miller2014permacoin,
  title={Permacoin: Repurposing {B}itcoin work for data preservation},
  author={Miller, Andrew and Juels, Ari and Shi, Elaine and Parno, Bryan and Katz, Jonathan},
  booktitle={2014 IEEE Symposium on Security and Privacy (SP)},
  year={2014},
  organization={IEEE}
}

@inproceedings{miller2015nonoutsourceable,
  title={Nonoutsourceable scratch-off puzzles to discourage {B}itcoin mining coalitions},
  author={Miller, Andrew and Kosba, Ahmed and Katz, Jonathan and Shi, Elaine},
  booktitle={Proceedings of the 22nd ACM SIGSAC Conference on Computer and Communications Security},
  year={2015},
  organization={ACM}
}

@inproceedings{zeng2017nonoutsourceable,
  title={A Nonoutsourceable Puzzle Under {GHOST} Rule},
  author={Zeng, Gongxian and Yiu, Siu Ming and Zhang, Jun and Kuzuno, Hiroki and Au, Man Ho},
  booktitle={2017 15th Annual Conference on Privacy, Security and Trust (PST)},
  Apages={35--358},
  year={2017},
  organization={IEEE}
}

@inproceedings {203704,
	author = {Loi Luu and Yaron Velner and Jason Teutsch and Prateek Saxena},
	title = {SmartPool: Practical Decentralized Pooled Mining},
	booktitle = {26th {USENIX} Security Symposium ({USENIX} Security 17)},
	year = {2017},
	publisher = {{USENIX} Association},
}


@inproceedings{kogias2016enhancing,
  title={Enhancing bitcoin security and performance with strong consistency via collective signing},
  author={Kogias, Eleftherios Kokoris and Jovanovic, Philipp and Gailly, Nicolas and Khoffi, Ismail and Gasser, Linus and Ford, Bryan},
  booktitle={25th {USENIX} Security Symposium ({USENIX} Security 16)},
  Apages={279--296},
  year={2016}
}

@inproceedings{luu2016secure,
  title={A secure sharding protocol for open blockchains},
  author={Luu, Loi and Narayanan, Viswesh and Zheng, Chaodong and Baweja, Kunal and Gilbert, Seth and Saxena, Prateek},
  booktitle={Proceedings of the 2016 ACM SIGSAC Conference on Computer and Communications Security},
  Apages={17--30},
  year={2016},
  organization={ACM}
}

@incollection{judmayer2017merged,
  title={Merged mining: Curse or cure?},
  author={Judmayer, Aljosha and Zamyatin, Alexei and Stifter, Nicholas and Voyiatzis, Artemios G and Weippl, Edgar},
  booktitle={Data Privacy Management, Cryptocurrencies and Blockchain Technology},
  Apages={316--333},
  year={2017},
  publisher={Springer}
}

@book{narayanan2016bitcoin,
  title={Bitcoin and cryptocurrency technologies: A comprehensive introduction},
  author={Narayanan, Arvind and Bonneau, Joseph and Felten, Edward and Miller, Andrew and Goldfeder, Steven},
  year={2016},
  publisher={Princeton University Press}
}

@inproceedings{zhang2019lay,
  title={Lay Down the Common Metrics: Evaluating Proof-of-Work Consensus Protocols' Security},
  author={Zhang, Ren and Preneel, Bart},
  booktitle={2019 IEEE Symposium on Security and Privacy (SP)},
  year={2019},
  organization={IEEE}
}
