

@inproceedings{hum2020coinwatch,
  title={CoinWatch: A clone-based approach for detecting vulnerabilities in cryptocurrencies},
  author={Hum, Qingze and Tan, Wei Jin and Tey, Shi Ying and Lenus, Latasha and Homoliak, Ivan and Lin, Yun and Sun, Jun},
  booktitle={2020 IEEE International Conference on Blockchain (Blockchain)},
  pages={17--25},
  year={2020},
  organization={IEEE}
}


@inproceedings{moser2015trends,
  title={Trends, tips, tolls: A longitudinal study of Bitcoin transaction fees},
  author={M{\"o}ser, Malte and B{\"o}hme, Rainer},
  booktitle={International conference on financial cryptography and data security},
  pages={19--33},
  year={2015},
  organization={Springer}
}


@article{houy2014economics,
	title={The economics of Bitcoin transaction fees},
	author={Houy, Nicolas},
	journal={GATE WP},
	volume={1407},
	year={2014}
}


@inproceedings{zhou2019robust,
  title={A robust throughput scheme for bitcoin network without block reward},
  author={Zhou, Dongli and Ruan, Na and Jia, Weijia},
  booktitle={IEEE International Conference on High Performance Computing and Communications '19},
  pages={706--713},
  year={2019},
  organization={IEEE}
}

@article{ruan2020ursa,
  title={Ursa: Robust performance for Nakamoto consensus with self-adaptive throughput},
  author={Ruan, Na and Zhou, Dongli and Jia, Weijia},
  journal={ACM Transactions on Internet Technology (TOIT)},
  volume={20},
  number={4},
  pages={1--26},
  year={2020},
  publisher={ACM New York, NY, USA}
}

@inproceedings{tsabary2018gap,
  title={The gap game},
  author={Tsabary, Itay and Eyal, Ittay},
  booktitle={ACM SIGSAC CCS '18},
  pages={713--728},
  year={2018}
}

@inproceedings{eyal2016bitcoin,
  title={$\{$Bitcoin-NG$\}$: A scalable blockchain protocol},
  author={Eyal, Ittay and Gencer, Adem Efe and Sirer, Emin G{\"u}n and Van Renesse, Robbert},
  booktitle={USENIX  NSDI 16},
  pages={45--59},
  year={2016}
}

@article{nakamoto2008bitcoin,
  title={Bitcoin: A peer-to-peer electronic cash system},
  author={Nakamoto, Satoshi},
  journal={Decentralized Business Review},
  pages={21260},
  year={2008}
}

@inproceedings{gong2022towards,
  title={Towards overcoming the undercutting problem},
  author={Gong, Tiantian and Minaei, Mohsen and Sun, Wenhai and Kate, Aniket},
  booktitle={Financial Cryptography '22},
  pages={444--463},
  year={2022},
  organization={Springer}
}s


@misc{PoS-bitcointalk,
  title={{Proof of stake instead of proof of work}},
  author={QuantumMechanic},
  year={2011},  
  url = "{https://bitcointalk.org/index.php?topic=27787.0}"  
}

@misc{zero-fee-txs,
  title={{How did these zero-transaction fee transactions make it into the Bitcoin network?}},
  author={{Bitcoin Stackexchange}},
  year={2018},  
  url = "{https://bit.ly/3FASdmD}"  
}


@inproceedings{mclaughlin2023large,
  title={A large scale study of the ethereum arbitrage ecosystem},
  author={McLaughlin, Robert and Kruegel, Christopher and Vigna, Giovanni},
  booktitle={USENIX Security '23},
  pages={3295--3312},
  year={2023}
}


  @misc{bitcoin_mining_simulator:kalodner,
    title = "Bitcoin mining simulator",
    url = "{https://github.com/citp/mining\_simulator}",    
    howpublished = "online",
    author = "Kalodner, Harry",
    year = "2015"
  }


@misc{b2,
  title={Mempool Statistics},
  author={mempool.space},
  year={2022},
  url = "{https://mempool.space/}",
  Apublisher={Accessed on 20th November 2022}
}


@misc{b3,
  title={{Blockchain Charts}},
  author={blockchain.com},
  year={2022},
  url = "{https://www.blockchain.com/explorer/charts}",
  Apublisher={Accessed on 20th November 2022}
}

@misc{b5,
  title={{Miner Fees}},
  author={Bitcoin Wiki},
  year={2022},
  url = "{https://en.bitcoin.it/wiki/Miner_fees}",
  Apublisher={Accessed on 22nd November 2022}
}

@misc{b6,
  title={{Bitcoin Avg. Transaction Fee historical chart}},
  author={Bitinfocharts.com},
  year={2022},
  url = "{https://bitinfocharts.com/comparison/bitcoin-transactionfees.html#alltime}",
  Apublisher={Accessed on 24th November 2022}
}



