@comment{x-kbibtex-personnameformatting=<%l><, %f>}

% This file was created with JabRef 2.4.2.
% Encoding: UTF8


@article{perrig2005rfc4082,
  title={RFC4082: Timed Efficient Stream Loss-Tolerant Authentication (TESLA): Multicast Source Authentication Transform Introduction},
  author={Perrig, A and Song, D and Canetti, R and Tygar, JD and Briscoe, B},
  journal={Request for Comments. IETF},
  year={2005}
}


@inproceedings{homoliak2020smartotps,
  title={SmartOTPs: An air-gapped 2-factor authentication for smart-contract wallets},
  author={Homoliak, Ivan and Breitenbacher, Dominik and Hujnak, Ondrej and Hartel, Pieter and Binder, Alexander and Szalachowski, Pawel},
  booktitle={Proceedings of the 2nd ACM Conference on Advances in Financial Technologies},
  pages={145--162},
  year={2020}
}

@inproceedings{perrig2000efficient,
  title={Efficient authentication and signing of multicast streams over lossy channels},
  author={Perrig, Adrian and Canetti, Ran and Tygar, J Doug and Song, Dawn},
  booktitle={Proceeding 2000 IEEE Symposium on Security and Privacy. S\&P 2000},
  pages={56--73},
  year={2000},
  organization={IEEE}
}

@inproceedings{cheng2019ekiden,
  title={Ekiden: A platform for confidentiality-preserving, trustworthy, and performant smart contracts},
  author={Cheng, Raymond and Zhang, Fan and Kos, Jernej and He, Warren and Hynes, Nicholas and Johnson, Noah and Juels, Ari and Miller, Andrew and Song, Dawn},
  booktitle={2019 IEEE European symposium on security and privacy (EuroS\&P)},
  pages={185--200},
  year={2019},
  organization={IEEE}
}

@inproceedings{murdock2020plundervolt,
  title={Plundervolt: Software-based fault injection attacks against Intel SGX},
  author={Murdock, Kit and Oswald, David and Garcia, Flavio D and Van Bulck, Jo and Gruss, Daniel and Piessens, Frank},
  booktitle={2020 IEEE Symposium on Security and Privacy (SP)},
  pages={1466--1482},
  year={2020},
  organization={IEEE}
}

@inproceedings{chen2021voltpillager,
  title={$\{$VoltPillager$\}$: Hardware-based fault injection attacks against intel $\{$SGX$\}$ enclaves using the $\{$SVID$\}$ voltage scaling interface},
  author={Chen, Zitai and Vasilakis, Georgios and Murdock, Kit and Dean, Edward and Oswald, David and Garcia, Flavio D},
  booktitle={30th USENIX Security Symposium (USENIX Security 21)},
  pages={699--716},
  year={2021}
}

@misc{poon2016bitcoin,
  title={The bitcoin lightning network: Scalable off-chain instant payments},
  author={Poon, Joseph and Dryja, Thaddeus},
  year={2016},
  publisher={Seattle, WA, USA}
}


@inproceedings{anceaume2018sycomore,
  title={Sycomore: A permissionless distributed ledger that self-adapts to transactions demand},
  author={Anceaume, Emmanuelle and Guellier, Antoine and Ludinard, Romaric and Sericola, Bruno},
  booktitle={2018 IEEE 17th International Symposium on Network Computing and Applications (NCA)},
  pages={1--8},
  year={2018},
  organization={IEEE}
}

@inproceedings{zamani2018rapidchain,
  title={Rapidchain: Scaling blockchain via full sharding},
  author={Zamani, Mahdi and Movahedi, Mahnush and Raykova, Mariana},
  booktitle={Proceedings of the 2018 ACM SIGSAC conference on computer and communications security},
  pages={931--948},
  year={2018}
}

@inproceedings{luu2016secure,
  title={A secure sharding protocol for open blockchains},
  author={Luu, Loi and Narayanan, Viswesh and Zheng, Chaodong and Baweja, Kunal and Gilbert, Seth and Saxena, Prateek},
  booktitle={Proceedings of the 2016 ACM SIGSAC conference on computer and communications security},
  pages={17--30},
  year={2016}
}

@inproceedings{kokoris2018omniledger,
  title={Omniledger: A secure, scale-out, decentralized ledger via sharding},
  author={Kokoris-Kogias, Eleftherios and Jovanovic, Philipp and Gasser, Linus and Gailly, Nicolas and Syta, Ewa and Ford, Bryan},
  booktitle={2018 IEEE symposium on security and privacy (SP)},
  pages={583--598},
  year={2018},
  organization={IEEE}
}


@inproceedings{strongchain,
  author    = {Pawel Szalachowski and  Dani{\"{e}}l Reijsbergen and Ivan Homoliak and Siwei Sun},
  title     = {{StrongChain: Transparent and Collaborative Proof-of-Work Consensus}},
  booktitle = {{USENIX}},
  pages     = {819--836},
  year      = {2019}
}

@misc{QR2011size,
  title={{What Size Should A Printed QR Code Be?}},
  author={{QRStuff.com}},
  url={https://blog.qrstuff.com/2011/01/18/what-size-should-a-qr-code-be},
  year={2011}
}

@inproceedings{eyal2016bitcoin,
  title={$\{$Bitcoin-NG$\}$: A scalable blockchain protocol},
  author={Eyal, Ittay and Gencer, Adem Efe and Sirer, Emin G{\"u}n and Van Renesse, Robbert},
  booktitle={13th USENIX symposium on networked systems design and implementation (NSDI 16)},
  pages={45--59},
  year={2016}
}

@misc{kraken-exchange,
  title={{Kraken}},
  author={{Payward, Inc}},
  url={https://www.kraken.com/},
  year={2020}
}


@misc{poloniex-exchange,
  title={{Poloniex}},
  author={{Polo Digital Assets, Ltd.}},
  url={https://poloniex.com/},
  year={2020}
}

@misc{node-mcu,
  title={{NodeMCU}},
  author={{NodeMcu Team}},
  url={https://nodemcu.readthedocs.io/en/master/},
  year={2018}
}

@misc{kraken-trezor-hack,
  title={{Kraken Identifies Critical Flaw in Trezor Hardware Wallets}},
  author={{Kraken}},
  url={https://blog.kraken.com/post/3662/kraken-identifies-critical-flaw-in-trezor-hardware-wallets/},
  year={2020}
}

@misc{kraken-keepkey-hack,
  title={{Inside Kraken Security Labs: Flaw Found in Keepkey Crypto Hardware Wallet}},
  author={{Kraken}},
  url={https://blog.kraken.com/post/3245/flaw-found-in-keepkey-crypto-hardware-wallet/},
  year={2019}
}

@misc{donjon-ellipal-hack,
  title={{Extracting seed from Ellipal wallet}},
  author={{Donjon Team}},
  url={https://donjon.ledger.com/Ellipal-Security/},
  year={2019}
}


@misc{binance-exchange,
  title={{Binance}},
  author={{Binance.com}},
  url={https://www.binance.com/},
  year={2020}
}


@inproceedings{haastad2001practical,
  title={Practical construction and analysis of pseudo-randomness primitives},
  author={H{\aa}stad, Johan and N{\"a}slund, Mats},
  booktitle={ASIACRYPT},
  pages={442--459},
  year={2001},
  organization={Springer}
}

@inproceedings{hu2005efficient,
  title={Efficient constructions for one-way hash chains},
  author={Hu, Yih-Chun and Jakobsson, Markus and Perrig, Adrian},
  booktitle={International Conference on Applied Cryptography and Network Security},
  pages={423--441},
  year={2005},
  organization={Springer}
}

@inproceedings{kogan2017t,
  title={T/key: second-factor authentication from secure hash chains},
  author={Kogan, Dmitry and Manohar, Nathan and Boneh, Dan},
  booktitle={Proceedings of the 2017 ACM SIGSAC Conference on Computer and Communications Security},
  pages={983--999},
  year={2017},
  organization={ACM}
}


@article{wood2014ethereum,
  title={Ethereum: A secure decentralised generalised transaction ledger},
  author={Wood, Gavin and others},
  journal={Ethereum project yellow paper},
  volume={151},
  pages={1--32},
  year={2014}
}

@inproceedings{ArapinisGKK19,
  author    = {Myrto Arapinis and Andriana Gkaniatsou and Dimitris Karakostas and Aggelos Kiayias},
  title     = {A Formal Treatment of Hardware Wallets},
  year      = {2019},
  booktitle = {Financial Cryptography},
  organization={Springer}
}

@techreport{lamport1979constructing-lamportSigs,
  title={Constructing digital signatures from a one-way function},
  author={Lamport, Leslie},
  year={1979},
  institution={Technical Report CSL-98, SRI International Palo Alto}
}

@inproceedings{dods2005hash-winternitz,
  title={Hash based digital signature schemes},
  author={Dods, Chris and Smart, Nigel P and Stam, Martijn},
  booktitle={IMA International Conference on Cryptography and Coding},
  pages={96--115},
  year={2005},
  organization={Springer}
}

@inproceedings{miller2016honey,
  title={{The honey badger of BFT protocols}},
  author={Miller, Andrew and Xia, Yu and Croman, Kyle and Shi, Elaine and Song, Dawn},
  booktitle={ACM CCS},
  Apages={31--42},
  year={2016},
  Aorganization={ACM}
}

@inproceedings{gilad2017algorand,
  title={Algorand: Scaling byzantine agreements for cryptocurrencies},
  author={Gilad, Yossi and Hemo, Rotem and Micali, Silvio and Vlachos, Georgios and Zeldovich, Nickolai},
  booktitle={SOSP},
  Apages={51--68},
  year={2017},
  Aorganization={ACM}
}

@misc{binance-hack-2019,
  title={{Binance Security Breach Update}},
  author={{Binance}},
  year={2019},
  url={https://binance.zendesk.com/hc/en-us/articles/360028031711-Binance-Security-Breach-Update}
}

@inproceedings{boneh2001short,
  title={{Short signatures from the Weil pairing}},
  author={Boneh, Dan and Lynn, Ben and Shacham, Hovav},
  booktitle={International Conference on the Theory and Application of Cryptology and Information Security},
  pages={514--532},
  year={2001},
  organization={Springer}
}

@inproceedings{Dhakal-typing-study,
 author = {Dhakal, Vivek and Feit, Anna Maria and Kristensson, Per Ola and Oulasvirta, Antti},
 title = {Observations on Typing from 136 Million Keystrokes},
 booktitle = {Proceedings of the 2018 CHI Conference on Human Factors in Computing Systems},
 year = {2018},
 isbn = {978-1-4503-5620-6},
 pages = {646--658},
 publisher = {ACM}
} 


@article{abdalla2016algorithms,
  title={Algorithms, Key Size and Protocols Report},
  author={Abdalla, Michel and Gierlichs, Benedikt and Paterson, Kenneth G and Rijmen, Vincent and Sadeghi, Ahmad-Reza, et al.},
  journal={ECRYPT--Coordination \& Support Action},
  year={2016}
}


@inproceedings{bui2018man,
  title={Man-in-the-machine: exploiting ill-secured communication inside the computer},
  author={Bui, Thanh and Rao, Siddharth Prakash and Antikainen, Markku and Bojan, Viswanathan Manihatty and Aura, Tuomas},
  booktitle={27th USENIX Security Symposium (USENIX Security 18)},
  pages={1511--1525},
  year={2018},
  organization={USENIX Association}
}


@inproceedings{cheng2018ekiden,
  title={{Ekiden: A platform for confidentiality-preserving, trustworthy, and performant smart contracts}},
  author={Cheng, Raymond and Zhang, Fan and Kos, Jernej and He, Warren and Hynes, Nicholas and Johnson, Noah and Juels, Ari and Miller, Andrew and Song, Dawn},
  booktitle={(EuroS\&P)},
  pages={185--200},
  year={2019},
  organization={IEEE}
}

@inproceedings{kosba2016hawk,
  title={Hawk: The blockchain model of cryptography and privacy-preserving smart contracts},
  author={Kosba, Ahmed and Miller, Andrew and Shi, Elaine and Wen, Zikai and Papamanthou, Charalampos},
  booktitle={{S\&P}},
  pages={839--858},
  year={2016},
  organization={IEEE}
}

@misc{copay-wallet,
  title={{The Secure, Shared Bitcoin Wallet}},
  author={{Copay}},
  year={2019},
  url={https://copay.io/}
}

@misc{daedalus-wallet,
  title={{Daedalus Wallet}},
  author={{Daedalus Team}},
  year={2019},
  url={https://daedaluswallet.io/}
}

@misc{mycelium-entropy,
  title={{Mycelium Entropy}},
  author={{Mycelium Holding LTD}},
  year={2019},
  url={https://mycelium.com/mycelium-entropy.html}
}

@misc{luno-wallet,
  title={Luno wallet},
  author={Luno},
  year={2019},
  url={https://www.luno.com/wallet/}
}

@misc{paxful-wallet,
  title={Paxful},
  author={{Paxful, Inc.}},
  year={2020},
  url={https://paxful.com/wallet}
}



@misc{coinomi-wallet,
  title={{Coinomi Wallet}},
  author={{Coinomi Ltd}},
  year={2019},
  url={https://coinomi.com/}
}

@misc{mycelium-wallet,
  title={Mycelium wallet},
  author={{Mycelium LTD}},
  year={2019},
  url={https://wallet.mycelium.com/}
}

@misc{maxwell2011deterministic,
  title={Deterministic wallets},
  author={Maxwell, Gregory},
  year={2011},
  url={https://bitcointalk.org/index.php?topic=19137}
}

Conference of Bitcoin

@misc{MetamaskWallet,
  author = {{MetaMask team}},
  title= {{MetaMask}},
  year = {2019},
  url = {https://metamask.io/},
}

@misc{InfinitoWallet,
  author = {{Infinity Blockchain Labs Europe}},
  title= {{Infinito wallet}},
  year = {2019},
  url = {https://www.infinitowallet.io/},
}

@misc{CitoWiseWallet,
  author = {{Citowise Developments}},
  title= {{Citowise wallet}},
  year = {2019},
  url = {https://citowise.com/wallet},
}


@misc{CircleWallet,
  author = {{Circle Internet Financial Limited}},
  title= {{Circle Pay}},
  year = {2019},
  url = {https://www.circle.com/en/pay},
}

@misc{BTC-com-wallet,
  author = {{BTC.com}},
  title= {{BTC wallet: Powerful Bitcoin and Bitcoin Cash wallet}},
  year = {2019},
  url = {https://wallet.btc.com},
}

@misc{CoinbaseWallet,
  author = {{coinbase}},
  title= {{Coinbase}},
  year = {2020},
  url = {https://www.coinbase.com/},
}

@misc{BlockchainInfoWallet,
  author = {{Blockchain Luxembourg S.A.}},
  title= {{Blockchain wallet}},
  year = {2019},
  url = {https://blockchain.info/wallet/},
}

@misc{BitcoinWallet,
  author = {{Bitcoin Wallet developers}},
  title= {{Bitcoin Wallet}},
  year = {2019},
  url = {https://github.com/bitcoin-wallet/bitcoin-wallet},
}

@misc{BitcoinCore,
  author = {{Bitcoin Project}},
  title= {{Bitcoin Core}},
  year = {2019},
  url = {https://bitcoin.org/en/download},
}

@misc{CarbonWallet,
  author = {{CarbonWallet.com}},
  title= {{Multi Signature Online Cryptocurrency Wallet}},
  year = {2019},
  url = {https://carbonwallet.com/},
}

@misc{MyEtherWallet,
  author = {{MyEtherWallet, Inc}},
  title= {{MyEtherWallet}},
  year = {2019},
  url = {https://www.myetherwallet.com/},
}

@misc{TrustedCoin-cosign,
  author = {{TrustedCoin, LLC}},
  title= {{TrustedCoin cosigning service}},
  year = {2019},
  url = {https://trustedcoin.com},
}

@misc{Electrum-SW-Wallet,
  author = {{Electrum Technologies GmbH}},
  title= {{Electrum Bitcoin wallet}},
  year = {2019},
  url = {https://electrum.org/},
}
 

@misc{Armory-SW-Wallet,
  author = {{Armory Technologies, Inc}},
  title= {{Bitcoin Armory}},
  year = {2016},
  url = {https://www.bitcoinarmory.com},
}

@misc{BitBox,
  author = {{SHIFT Cryptosecurity}},
  title= {{BitBox hardware wallet}},
  year = {2019},
  url = {https://shiftcrypto.ch/},
}

@misc{BitLox,
  author = {{BitLox}},
  title= {{BitLox wallet}},
  year = {2019},
  url = {https://www.bitlox.com},
}

@misc{CoolWalletS,
  author = {{CoolBitX}},
  title= {{The CoolWallet S}},
  year = {2019},
  url = {https://coolwallet.io/},
}

@misc{keep-key,
  author = {{KeepKey}},
  title= {{The Simple Cryptocurrency Hardware Wallet}},
  year = {2019},
  url = {https://www.keepkey.com/},
}


@misc{ledger-nano-s,
  author = {{Ledger}},
  title= {{Ledger Nano S}},
  year = {2019},
  url = {https://www.ledger.com/products/ledger-nano-s},
}

@misc{ledger-nano,
  author = {{Ledger}},
  title= {{Ledger Nano}},
  year = {2018},
  url = {https://www.ledgerwallet.com/products/1-ledger-nano},
}

@misc{BitGo-MultiSigWallet,
  author = {{BitGo}},
  title= {{Ethereum MultiSig Wallet Contract}},
  year = {2019},
  url = {https://github.com/BitGo/eth-multisig-v2},
}

@misc{ConsenSys-gnosis,
  author = {{ConsenSys}},
  title= {{Gnosis Wallet}},
  year = {2019},
  url = {https://github.com/Gnosis/MultiSigWallet},
}

@misc{parity-bug-July-17,
  author = {{Parity Technologies}},
  title= {{The Multi-sig Hack: A Postmortem}},
  year = {2017},
  url = {https://paritytech.io/the-multi-sig-hack-a-postmortem/},
}

@misc{parity-bug-November-17,
  author = {{Parity Technologies}},
  title= {{A Postmortem on the Parity Multi-Sig Library Self-Destruct}},
  year = {2017},
  url = {https://paritytech.io/a-postmortem-on-the-parity-multi-sig-library-self-destruct/},
}

@misc{parity-wallet,
  author = {Parity Technologies},
  title= {{Parity Wallet}},
  year = {2019},
  url = {https://www.parity.io/},
}

@misc{TrezorMultisig2of3,
  author = {{Unchained Capital}},
  title= {{TrezorMultisig2of3}},
  year = {2019},
  url = {https://github.com/unchained-capital/ethereum-multisig},
}

@misc{trezor-hw-wallet,
  title= {{Trezor}},
  author = {{Trezor}},
  year = {2019},
  url = {https://trezor.io/},
}

@misc{ellipal-hw-wallet,
  title= {{ELLIPAL Hardware Wallet 2.0}},
  author = {{ELLIPAL}},
  year = {2019},
  url = {https://www.ellipal.com/},
}

@inproceedings{merkle1987digital,
  title={A digital signature based on a conventional encryption function},
  author={Merkle, Ralph C},
  booktitle={Conference on the Theory and Application of Cryptographic Techniques},
  pages={369--378},
  year={1987},
  organization={Springer}
}



@inproceedings{merkle1989certified,
  title={A certified digital signature},
  author={Merkle, Ralph C},
  booktitle={Conference on the Theory and Application of Cryptology},
  pages={218--238},
  year={1989},
  organization={Springer}
}



@article{RFC-BLS-signatures,
  title={{RFC Internet-Draft: BLS signature}},
  author={Boneh, Dan and Wahby, Riad S. and Gorbunov, Sergey  and Wee, Hoeteck and Zhang, Zhenfei},
  year={2019},  
  url={https://tools.ietf.org/html/draft-irtf-cfrg-bls-signature-00}
}


@article{langley2013certificate,
  title={RFC 6962: Certificate Transparency},
  author={Langley, Adam and Kasper, Emilia and Laurie, Ben},
  year={2013},
  ISSN={2070-1721},
  url={https://tools.ietf.org/html/rfc6962},
}

@misc{slither,
  title= {{Slither}},
  author = {{Slither Team}},
  year = {2019},
  url = {https://github.com/crytic/slither},
}

@misc{mythrill,
  title= {{Mythril}},
  author = {{ConsenSys}},
  year = {2019},
  url = {https://github.com/ConsenSys/mythril},
}

@misc{ContractGuard-fuzzer,
  title= {{ContractGuard}},
  author = {{GuardStrike}},
  year = {2019},
  url = {https://contract.guardstrike.com/},
}

@misc{bipMnemonic,
  title= {{BIP-39}},
  author = {Palatinus, Marek and Rusnak, Pavol and Voisine, Aaron and Bowe, Sean},
  year = {2013},
  url = {https://github.com/bitcoin/bips/blob/master/bip-0039.mediawiki},
}

@misc{2018-android-scams,
  title={Cryptocurrency scams on Android: do you know what to watch out for?},
  author = {Lukas Stefanko},
  year={2018},
  url={https://www.welivesecurity.com/2018/02/28/cryptocurrency-scams-android}
}

@misc{2017-BTG-fraud,
  title={Bitcoin Gold Wallet That Stole Private Keys Scooped \$3.3 Million},
  author = {Kai Sedgwick},
  year={2017},
  url={https://news.bitcoin.com/bitcoin-gold-wallet-stole-private-keys-scooped-3-3-million}
}

@misc{2017-BTG-fraud2,
  title={Confirmed. "Electron Gold" steals private keys},
  author = {Tom Hetmer},
  year={2017},
  url={https://github.com/fyookball/electrum/issues/280}
}

@article{courtois2016speed,
  title={Speed optimizations in Bitcoin key recovery attacks},
  author={Courtois, Nicolas and Song, Guangyan and Castellucci, Ryan},
  journal={Tatra Mountains Mathematical Publications},
  volume={67(1)},
  pages={55--68},
  year={2016},
  publisher={De Gruyter Open}
}

@misc{2016-brainwallets,
  title={Brain Wallets Are Not Secure and ‘No One Should Use Them,’ Says Study},
  author = {Jean-Pierre Buntinx},
  year={2016},
  url={https://news.bitcoin.com/brain-wallets-not-secure-no-one-use-says-study/}
}

@misc{2015-CCSM-SecureWorks,
  title={Cryptocurrency-Stealing Malware Landscape},
  organization = {Dell SecureWorks},
  year={2015},
  url={http://www.opensource.im/cryptocurrency/cryptocurrency-stealing-malware-landscape-dell-secureworks.php}
}

@misc{2018-combojack,
  title={ComboJack malware tries to steal your cryptocurrency by changing the data in your clipboard},
  author = {Danny Palmer},
  year={2018},
  url={https://www.zdnet.com/article/combojack-malware-tries-to-steal-your-cryptocurrency-by-changing-the-data-in-your-clipboard/}
}

@misc{2017-cryptoshuffler,
  title={CryptoShuffler: Trojan stole \$140,000 in Bitcoin},
  organization = {Kaspersky},
  year={2017},
  url={https://www.kaspersky.com/blog/cryptoshuffler-bitcoin-stealer/19976/}
}


@article{eskandari2018first,
  title={A first look at the usability of bitcoin key management},
  author={Eskandari, Shayan and Clark, Jeremy and Barrera, David and Stobert, Elizabeth},
  journal={preprint arXiv:1802.04351},
  year={2018}
}

@misc{goldfeder2015securing,
  title={Securing Bitcoin wallets via a new DSA/ECDSA threshold signature scheme},
  author={Goldfeder, Steven and Gennaro, Rosario and Kalodner, Harry and Bonneau, Joseph and Kroll, Joshua A and Felten, Edward W and Narayanan, Arvind},
  year={2015},
  publisher={Accessed 2015-06-09}
}

@misc{2017-keylogger-bc-malware,
  title={Cyren sounds siren over Bitcoin siphon scam},
  author={Antony Peyton},
  organization = {FinTech Futures},
  year={2017},
  url={https://www.bankingtech.com/2017/01/cyren-sounds-siren-over-bitcoin-siphon-scam/}
}

@inproceedings{2015-Bitcoin-SOK,
  title={Sok: Research perspectives and challenges for bitcoin and cryptocurrencies},
  author={Bonneau, Joseph and Miller, Andrew and Clark, Jeremy and Narayanan, Arvind and Kroll, Joshua A and Felten, Edward W},
  booktitle={S\&P},
  pages={104--121},
  year={2015},
  organization={IEEE}
}

@inproceedings{moore2013beware,
  title={Beware the middleman: Empirical analysis of Bitcoin-exchange risk},
  author={Moore, Tyler and Christin, Nicolas},
  booktitle={International Conference on Financial Cryptography and Data Security},
  pages={25--33},
  year={2013},
  organization={Springer}
}

@inproceedings{vasek2015there,
  title={There’s no free lunch, even using Bitcoin: Tracking the popularity and profits of virtual currency scams},
  author={Vasek, Marie and Moore, Tyler},
  booktitle={Financial Cryptography},
  pages={44--61},
  year={2015},
  organization={Springer}
}


@article{threshold-gennaro2007secure,
  title={Secure distributed key generation for discrete-log based cryptosystems},
  author={Gennaro, Rosario and Jarecki, Stanislaw and Krawczyk, Hugo and Rabin, Tal},
  journal={Journal of Cryptology},
  volume={20},
  number={1},
  pages={51--83},
  year={2007},
  publisher={Springer}
}

@inproceedings{threshold-mackenzie2001two,
  title={{Two-party Generation of DSA Signatures}},
  author={MacKenzie, Philip and Reiter, Michael},
  booktitle={Annual International Cryptology Conference},
  pages={137--154},
  year={2001},
  organization={Springer}
}


@article{shamir1979share,
  title={How to share a secret},
  author={Shamir, Adi},
  journal={Communications of the ACM},
  volume={22},
  number={11},
  pages={612--613},
  year={1979},
  publisher={ACm}
}

@inproceedings{blakley1979safeguarding,
  title={Safeguarding cryptographic keys},
  author={Blakley, George Robert and others},
  booktitle={Proceedings of the national computer conference},
  volume={48},
  pages={313--317},
  year={1979}
}


@misc{2018-coindesk-bithumb,
  author = {Wolfie Zhao},
  title= {{Bithumb \$31 Million Crypto Exchange Hack: What We Know (And Don't)}},
  year = {2018},
  url = {https://www.coindesk.com/bithumb-exchanges-31-million-hack-know-dont-know/},
}

@misc{2016-Bitfinex-hack,
  author = {{Reuters}},
  title= {{Bitcoin Worth \$72M Was Stolen in Bitfinex Exchange Hack in Hong Kong}},
  year = {2016},
  url = {http://fortune.com/2016/08/03/bitcoin-stolen-bitfinex-hack-hong-kong/},
}


@misc{2014-Mt-Gox,
  author = {Abrams, Rachel and Popper, Nathaniel},
  title= {{Trading Site Failure Stirs Ire and Hope for Bitcoin}},
  year = {2014},
  url = {https://dealbook.nytimes.com/2014/02/25/trading-site-failure-stirs-ire-and-hope-for-bitcoin/},
}

@inproceedings{baker2005traditional,
  title={Why traditional storage systems don’t help us save stuff forever},
  author={Baker, Mary and Keeton, Kimberly and Martin, Sean},
  booktitle={Proc. 1st IEEE Workshop on Hot Topics in System Dependability},
  pages={2005--120},
  year={2005},
  organization={Citeseer}
}

@article{schneier2005two,
  title={Two-factor authentication: too little, too late},
  author={Schneier, Bruce},
  journal={Communications of the ACM},
  volume={48},
  number={4},
  pages={136},
  year={2005},
  publisher={ACM}
}

@inproceedings{aloul2009two,
  title={Two factor authentication using mobile phones},
  author={Aloul, Fadi and Zahidi, Syed and El-Hajj, Wassim},
  booktitle={Computer Systems and Applications, 2009. IEEE/ACS International Conference on},
  pages={641--644},
  year={2009},
  organization={IEEE}
}


@inproceedings{grover1996fast,
  title={A fast quantum mechanical algorithm for database search},
  author={Grover, Lov K},
  booktitle={{STOC}},
  pages={212--219},
  year={1996},
  organization={ACM}
}

@inproceedings{amy2016estimating,
  title={Estimating the cost of generic quantum pre-image attacks on SHA-2 and SHA-3},
  author={Amy, Matthew and Di Matteo, Olivia and Gheorghiu, Vlad and Mosca, Michele and Parent, Alex and Schanck, John},
  booktitle={International Conference on Selected Areas in Cryptography},
  pages={317--337},
  year={2016},
  organization={Springer}
}

@inproceedings{CHHMPRSS18,
  title={Rethinking Blockchain Security: Position Paper},
  author={Vincent Chia and Pieter Hartel and Qingze Hum and Sebastian Ma and Georgios Piliouras and Daniel Reijsbergen and Mark van Staalduinen and Pawel Szalachowski},
  booktitle={{Blockchain}},  
  year={2018}
}


@article{bernstein2012high,
  title={High-speed high-security signatures},
  author={Bernstein, Daniel J and Duif, Niels and Lange, Tanja and Schwabe, Peter and Yang, Bo-Yin},
  journal={Journal of Cryptographic Engineering},
  volume={2},
  number={2},
  pages={77--89},
  year={2012},
  publisher={Springer}
}

@incollection{bernstein2009introduction,
  title={Introduction to post-quantum cryptography},
  author={Bernstein, Daniel J},
  booktitle={Post-quantum cryptography},
  pages={1--14},
  year={2009},
  publisher={Springer}
}

@techreport{m2005hotp,
  title={{HOTP: An HMAC-based one-time password algorithm}},
  author={M'raihi, D and Bellare, M and Hoornaert, F and Naccache, D and Ranen, O},
  year={2005}
}

@techreport{m2011totp,
  title={Totp: Time-based one-time password algorithm},
  author={M'Raihi, David and Machani, Salah and Pei, Mingliang and Rydell, Johan},
  year={2011}
}

@article{lamport1981password,
  title={Password authentication with insecure communication},
  author={Lamport, Leslie},
  journal={Communications of the ACM},
  volume={24},
  number={11},
  pages={770--772},
  year={1981},
  publisher={ACM}
}

@article{johnson2001elliptic,
  title={The elliptic curve digital signature algorithm (ECDSA)},
  author={Johnson, Don and Menezes, Alfred and Vanstone, Scott},
  journal={International journal of information security},
  volume={1},
  number={1},
  pages={36--63},
  year={2001},
  publisher={Springer}
}

@article{hellman1980cryptanalytic,
  title={A cryptanalytic time-memory trade-off},
  author={Hellman, Martin},
  journal={IEEE transactions on Information Theory},
  volume={26},
  number={4},
  pages={401--406},
  year={1980},
  publisher={IEEE}
}

@misc{leighton1995large,
  title={Large provably fast and secure digital signature schemes based on secure hash functions},
  author={Leighton, Frank T and Micali, Silvio},
  year={1995},
  note={{US Patent 5,432,852}}
}
