
@article{johnson2016intel,
  title={Intel{\textregistered} software guard extensions: Epid provisioning and attestation services},
  author={Johnson, Simon and Scarlata, Vinnie and Rozas, Carlos and Brickell, Ernie and Mckeen, Frank},
  journal={White Paper},
  volume={1},
  number={1-10},
  pages={119},
  year={2016}
}

@inproceedings{subramanyan2017formal,
  title={A formal foundation for secure remote execution of enclaves},
  author={Subramanyan, Pramod and Sinha, Rohit and Lebedev, Ilia and Devadas, Srinivas and Seshia, Sanjit A},
  booktitle={Proceedings of the 2017 ACM SIGSAC Conference on Computer and Communications Security},
  pages={2435--2450},
  year={2017}
}

@article{alvestrustzone,
  title={TrustZone: Integrated hardware and software security, July 2004},
  author={Alves, Tiago and Felton, Don},
  journal={URL http://www. arm. com/products/esd/trustzone\_home. html}
}


@inproceedings{cloosters2020teerex,
  title={TeeRex: Discovery and Exploitation of Memory Corruption Vulnerabilities in $\{$SGX$\}$ Enclaves},
  author={Cloosters, Tobias and Rodler, Michael and Davi, Lucas},
  booktitle={29th $\{$USENIX$\}$ Security Symposium ($\{$USENIX$\}$ Security 20)},
  pages={841--858},
  year={2020}
}

@inproceedings{Lipp2021Platypus,
	title = {{PLATYPUS: Software-based Power Side-Channel Attacks on x86}},
	author = {Lipp, Moritz and Kogler, Andreas and Oswald, David and Schwarz,
	Michael and Easdon, Catherine and Canella, Claudio and Gruss, Daniel},
	booktitle={2021 IEEE Symposium on Security and Privacy (SP)},
	year = {2021},
	organization={IEEE}
}

@INPROCEEDINGS {Murdock2019plundervolt,
	author={Murdock, Kit and Oswald, David and Garcia, Flavio D. and Van Bulck, Jo 
	and Gruss, Daniel and Piessens, Frank},
	booktitle = {{Proceedings of the 41st IEEE Symposium on Security and Privacy (S\&P'20)}},
	title={{Plundervolt}: Software-based Fault Injection Attacks against Intel SGX},
	booktitle = {41st IEEE Symposium on Security and Privacy (S\&P'20)},
	year = {2020},
}

@inproceedings{Borrello2022AEPIC,
	title = {{ÆPIC Leak}: Architecturally Leaking Uninitialized Data from the Microarchitecture},
	author = {Borrello, Pietro and Kogler, Andreas and Schwarzl, Martin and Lipp, Moritz and Gruss, Daniel and Schwarz, Michael},
	booktitle = {31st USENIX Security Symposium (USENIX Security 22)},
	year = {2022},
}

@article{homoliak2019security,
  title={The Security Reference Architecture for Blockchains: Towards a Standardized Model for Studying Vulnerabilities, Threats, and Defenses},
  author={Homoliak, Ivan and Venugopalan, Sarad and Hum, Qingze and Reijsbergen, Daniel and Schumi, Richard and Szalachowski, Pawel},
  journal={arXiv preprint arXiv:1910.09775},
  year={2019}
}

@misc{nakamoto2008bitcoin,
  title={Bitcoin: A peer-to-peer electronic cash system},
  author={Nakamoto, Satoshi},
  year={2008}
}

@inproceedings{kiayias2017ouroboros,
  title={Ouroboros: A provably secure proof-of-stake blockchain protocol},
  author={Kiayias, Aggelos and Russell, Alexander and David, Bernardo and Oliynykov, Roman},
  booktitle={Annual International Cryptology Conference},
  pages={357--388},
  year={2017},
  organization={Springer}
}

@inproceedings{strongchain,
  author    = {Pawel Szalachowski and  Dani{\"{e}}l Reijsbergen and Ivan Homoliak and Siwei Sun},
  title     = {{StrongChain: Transparent and Collaborative Proof-of-Work Consensus}},
  booktitle = {{USENIX}},
  pages     = {819--836},
  year      = {2019}
}

@inproceedings{miller2016honey,
  title={{The honey badger of BFT protocols}},
  author={Miller, Andrew and Xia, Yu and Croman, Kyle and Shi, Elaine and Song, Dawn},
  booktitle={ACM CCS},
  Apages={31--42},
  year={2016},
  Aorganization={ACM}
}

@inproceedings{gilad2017algorand,
  title={Algorand: Scaling byzantine agreements for cryptocurrencies},
  author={Gilad, Yossi and Hemo, Rotem and Micali, Silvio and Vlachos, Georgios and Zeldovich, Nickolai},
  booktitle={SOSP},
  Apages={51--68},
  year={2017},
  Aorganization={ACM}
}

@inproceedings{seo2017sgx,
  title={SGX-Shield: Enabling Address Space Layout Randomization for SGX Programs.},
  author={Seo, Jaebaek and Lee, Byoungyoung and Kim, Seong Min and Shih, Ming-Wei and Shin, Insik and Han, Dongsu and Kim, Taesoo},
  booktitle={NDSS},
  year={2017}
}

@inproceedings{chen2017detecting,
  title={Detecting privileged side-channel attacks in shielded execution with D{\'e}j{\'a} Vu},
  author={Chen, Sanchuan and Zhang, Xiaokuan and Reiter, Michael K and Zhang, Yinqian},
  booktitle={Proceedings of the 2017 ACM on Asia Conference on Computer and Communications Security},
  pages={7--18},
  year={2017}
}

@inproceedings{gruss2017strong,
  title={Strong and efficient cache side-channel protection using hardware transactional memory},
  author={Gruss, Daniel and Lettner, Julian and Schuster, Felix and Ohrimenko, Olya and Haller, Istvan and Costa, Manuel},
  booktitle={26th $\{$USENIX$\}$ Security Symposium ($\{$USENIX$\}$ Security 17)},
  pages={217--233},
  year={2017}
}

@inproceedings{shih2017t,
  title={T-SGX: Eradicating Controlled-Channel Attacks Against Enclave Programs.},
  author={Shih, Ming-Wei and Lee, Sangho and Kim, Taesoo and Peinado, Marcus},
  booktitle={NDSS},
  year={2017}
}


@inproceedings{van2018foreshadow,
  title={Foreshadow: Extracting the keys to the intel $\{$SGX$\}$ kingdom with transient out-of-order execution},
  author={Van Bulck, Jo and Minkin, Marina and Weisse, Ofir and Genkin, Daniel and Kasikci, Baris and Piessens, Frank and Silberstein, Mark and Wenisch, Thomas F and Yarom, Yuval and Strackx, Raoul},
  booktitle={27th $\{$USENIX$\}$ Security Symposium ($\{$USENIX$\}$ Security 18)},
  pages={991--1008},
  year={2018}
}

@article{brasser2017dr,
  title={DR. SGX: hardening SGX enclaves against cache attacks with data location randomization},
  author={Brasser, Ferdinand and Capkun, Srdjan and Dmitrienko, Alexandra and Frassetto, Tommaso and Kostiainen, Kari and M{\"u}ller, Urs and Sadeghi, Ahmad-Reza},
  journal={arXiv preprint arXiv:1709.09917},
  year={2017}
}

@inproceedings{biondo2018guard,
  title={The Guard's Dilemma: Efficient Code-Reuse Attacks Against Intel $\{$SGX$\}$},
  author={Biondo, Andrea and Conti, Mauro and Davi, Lucas and Frassetto, Tommaso and Sadeghi, Ahmad-Reza},
  booktitle={27th $\{$USENIX$\}$ Security Symposium ($\{$USENIX$\}$ Security 18)},
  pages={1213--1227},
  year={2018}
}

@inproceedings{paccagnella2020custos,
  title={Custos: Practical tamper-evident auditing of operating systems using trusted execution},
  author={Paccagnella, Riccardo and Datta, Pubali and Hassan, Wajih Ul and Bates, Adam and Fletcher, Christopher W and Miller, Andrew and Tian, Dave},
  booktitle={Proc. of the Symposium on Network and Distributed System Security (NDSS)},
  year={2020}
}


@misc{intel-sgx-response,
  title= {{Resources and Response to Side Channel L1 Terminal Fault}},
  author = {{Intel}},
  year = {2018},
  url = {https://www.intel.com/content/www/us/en/architecture-and-technology/l1tf.html},
}

@misc{slither,
  title= {{Slither}},
  author = {{Slither Team}},
  year = {2019},
  url = {https://github.com/crytic/slither},
}

@misc{mythrill,
  title= {{Mythril}},
  author = {{ConsenSys}},
  year = {2019},
  url = {https://github.com/ConsenSys/mythril},
}

@misc{ContractGuard-fuzzer,
  title= {{ContractGuard}},
  author = {{GuardStrike}},
  year = {2019},
  url = {https://contract.guardstrike.com/},
}


@misc{aleth,
  title={{Aleth –- Ethereum C++ client, tools and libraries}},
  author={{Ethereum}},
  url={https://github.com/ethereum/aleth},
  year={2019}
}

@misc{eEVM-Microsoft,
  title={{Enclave EVM}},
  author={{Microsoft}},
  url={https://github.com/microsoft/eEVM},
  year={2020}
}

@misc{open-enclave,
  title={{Open Enclave SDK}},
  author={{Open Enclave SDK Contributors}},
  url={https://openenclave.io/sdk/},
  year={2020}
}


@article{brickell2009enhanced,
  title={Enhanced Privacy ID from Bilinear Pairing.},
  author={Brickell, Ernie and Li, Jiangtao},
  journal={IACR Cryptology ePrint Archive},
  volume={2009},
  pages={95},
  year={2009}
}


@inproceedings{costan2016sanctum,
  title={Sanctum: Minimal hardware extensions for strong software isolation},
  author={Costan, Victor and Lebedev, Ilia and Devadas, Srinivas},
  booktitle={25th $\{$USENIX$\}$ Security Symposium ($\{$USENIX$\}$ Security 16)},
  pages={857--874},
  year={2016}
}

@misc{Merkle-Patricia-Trie-eth,
  title={Modified Merkle Patricia Trie Specification},
  author={James Ray},
  year={2019},  
  howpublished = "\url{https://github.com/ethereum/wiki/wiki/Patricia-Tree}"
}

@misc{Keystone-enclave,
  title={Keystone: An Open Framework for Architecting Trusted Execution Environments},
  author={ Keystone Enclave},
  year={2019},  
  howpublished = "\url{https://keystone-enclave.github.io/}"
}

@article{hoekstra2013using,
  title={Using innovative instructions to create trustworthy software solutions.},
  author={Hoekstra, Matthew and Lal, Reshma and Pappachan, Pradeep and Phegade, Vinay and Del Cuvillo, Juan},
  journal={HASP@ ISCA},
  volume={11},
  year={2013}
}


@inproceedings{anati2013innovative,
  title={Innovative technology for CPU based attestation and sealing},
  author={Anati, Ittai and Gueron, Shay and Johnson, Simon and Scarlata, Vincent},
  booktitle={Proceedings of the 2nd international workshop on hardware and architectural support for security and privacy},
  volume={13},
  year={2013},
  organization={ACM New York, NY, USA}
}



@article{mckeen2013innovative,
  title={Innovative instructions and software model for isolated execution.},
  author={McKeen, Frank and Alexandrovich, Ilya and Berenzon, Alex and Rozas, Carlos V and Shafi, Hisham and Shanbhogue, Vedvyas and Savagaonkar, Uday R},
  journal={Hasp@isca},
  volume={10},
  number={1},
  year={2013}
}


@inproceedings{tomescu2017catena,
  title={Catena: Efficient non-equivocation via bitcoin},
  author={Tomescu, Alin and Devadas, Srinivas},
  booktitle={2017 IEEE Symposium on Security and Privacy (SP)},
  pages={393--409},
  year={2017},
  organization={IEEE}
}

@inproceedings{merkle1989certified,
  title={A certified digital signature},
  author={Merkle, Ralph C},
  booktitle={Conference on the Theory and Application of Cryptology},
  pages={218--238},
  year={1989},
  organization={Springer}
}

@inproceedings{zhang2016town,
  title={Town crier: An authenticated data feed for smart contracts},
  author={Zhang, Fan and Cecchetti, Ethan and Croman, Kyle and Juels, Ari and Shi, Elaine},
  booktitle={Proceedings of the 2016 aCM sIGSAC conference on computer and communications security},
  pages={270--282},
  year={2016},
  organization={ACM}
}

@article{cheng2018ekiden,
  title={Ekiden: A Platform for Confidentiality-Preserving, Trustworthy, and Performant Smart Contract Execution},
  author={Cheng, Raymond and Zhang, Fan and Kos, Jernej and He, Warren and Hynes, Nicholas and Johnson, Noah and Juels, Ari and Miller, Andrew and Song, Dawn},
  journal={arXiv preprint arXiv:1804.05141},
  year={2018}
}

@inproceedings{kalodner2018arbitrum,
  title={Arbitrum: Scalable, private smart contracts},
  author={Kalodner, Harry and Goldfeder, Steven and Chen, Xiaoqi and Weinberg, S Matthew and Felten, Edward W},
  booktitle={27th $\{$USENIX$\}$ Security Symposium ($\{$USENIX$\}$ Security 18)},
  pages={1353--1370},
  year={2018}
}

@article{al2017chainspace,
  title={Chainspace: A sharded smart contracts platform},
  author={Al-Bassam, Mustafa and Sonnino, Alberto and Bano, Shehar and Hrycyszyn, Dave and Danezis, George},
  journal={arXiv preprint arXiv:1708.03778},
  year={2017}
}

@inproceedings{crosby2009efficient,
  title={Efficient Data Structures For Tamper-Evident Logging.},
  author={Crosby, Scott A and Wallach, Dan S},
  booktitle={USENIX Security Symposium},
  pages={317--334},
  year={2009}
}

@techreport{laurie2013certificate,
  title={RFC 6962 -- Certificate Transparency},
  author={Laurie, Ben and Langley, Adam and Kasper, Emilia},
  howpublished = {Internet Requests for Comments},
  type = {RFC},
  number = 6962,
  year = {2013},
  month = {June},
  publisher = {RFC Editor},
  institution = {RFC Editor},
  url = {https://www.rfc-editor.org/info/rfc6962}
}

@article{wood2014ethereum,
  title={Ethereum: A secure decentralised generalised transaction ledger},
  author={Wood, Gavin and others},
  journal={Ethereum project yellow paper},
  volume={151},
  pages={1--32},
  year={2014}
}

@inproceedings{das2019fastkitten,
  title={FastKitten: practical smart contracts on bitcoin},
  author={Das, Poulami and Eckey, Lisa and Frassetto, Tommaso and Gens, David and Host{\'a}kov{\'a}, Kristina and Jauernig, Patrick and Faust, Sebastian and Sadeghi, Ahmad-Reza},
  booktitle={28th $\{$USENIX$\}$ Security Symposium ($\{$USENIX$\}$ Security 19)},
  pages={801--818},
  year={2019}
}

@article{lind2017teechain,
  title={Teechain: Scalable blockchain payments using trusted execution environments},
  author={Lind, Joshua and Eyal, Ittay and Kelbert, Florian and Naor, Oded and Pietzuch, Peter and Sirer, Emin G{\"u}n},
  journal={arXiv preprint arXiv:1707.05454},
  year={2017}
}

@inproceedings{melara2015coniks,
  title={$\{$CONIKS$\}$: Bringing Key Transparency to End Users},
  author={Melara, Marcela S and Blankstein, Aaron and Bonneau, Joseph and Felten, Edward W and Freedman, Michael J},
  booktitle={24th $\{$USENIX$\}$ Security Symposium ($\{$USENIX$\}$ Security 15)},
  pages={383--398},
  year={2015}
}

@inproceedings{chase2019seemless,
  title={SEEMless: Secure End-to-End Encrypted Messaging with less Trust},
  author={Chase, Melissa and Deshpande, Apoorvaa and Ghosh, Esha and Malvai, Harjasleen},
  booktitle={Proceedings of the 2019 ACM SIGSAC Conference on Computer and Communications Security},
  pages={1639--1656},
  year={2019}
}

@inproceedings{fahl2014hey,
  title={Hey, nsa: Stay away from my market! future proofing app markets against powerful attackers},
  author={Fahl, Sascha and Dechand, Sergej and Perl, Henning and Fischer, Felix and Smrcek, Jaromir and Smith, Matthew},
  booktitle={proceedings of the 2014 ACM SIGSAC conference on computer and communications security},
  pages={1143--1155},
  year={2014}
}

@inproceedings{mazieres2002building,
  title={Building secure file systems out of Byzantine storage},
  author={Mazieres, David and Shasha, Dennis},
  booktitle={Proceedings of the twenty-first annual symposium on Principles of distributed computing},
  pages={108--117},
  year={2002}
}

@inproceedings{tomescu2019transparency,
  title={Transparency logs via append-only authenticated dictionaries},
  author={Tomescu, Alin and Bhupatiraju, Vivek and Papadopoulos, Dimitrios and Papamanthou, Charalampos and Triandopoulos, Nikos and Devadas, Srinivas},
  booktitle={Proceedings of the 2019 ACM SIGSAC Conference on Computer and Communications Security},
  pages={1299--1316},
  year={2019}
}

@inproceedings{chuat2015efficient,
  title={Efficient gossip protocols for verifying the consistency of certificate logs},
  author={Chuat, Laurent and Szalachowski, Pawel and Perrig, Adrian and Laurie, Ben and Messeri, Eran},
  booktitle={2015 IEEE Conference on Communications and Network Security (CNS)},
  pages={415--423},
  year={2015},
  organization={IEEE}
}

@article{dahlberg2018aggregationbased,
  title={Aggregationbased gossip for certificate transparency},
  author={Dahlberg, Rasmus and Pulls, Tobias and Vestin, Jonathan and H{\o}iland-J{\o}rgensen, Toke and Kassler, Andreas},
  journal={CoRR abs/1806.08817, August},
  year={2018}
}

@inproceedings{guarnizo2019pdfs,
  title={PDFS: practical data feed service for smart contracts},
  author={Guarnizo, Juan and Szalachowski, Pawel},
  booktitle={European Symposium on Research in Computer Security},
  pages={767--789},
  year={2019},
  organization={Springer}
}

@inproceedings{kim2013accountable,
  title={Accountable key infrastructure (AKI) a proposal for a public-key validation infrastructure},
  author={Kim, Tiffany Hyun-Jin and Huang, Lin-Shung and Perrig, Adrian and Jackson, Collin and Gligor, Virgil},
  booktitle={Proceedings of the 22nd international conference on World Wide Web},
  pages={679--690},
  year={2013}
}

@inproceedings{basin2014arpki,
  title={ARPKI: Attack resilient public-key infrastructure},
  author={Basin, David and Cremers, Cas and Kim, Tiffany Hyun-Jin and Perrig, Adrian and Sasse, Ralf and Szalachowski, Pawel},
  booktitle={Proceedings of the 2014 ACM SIGSAC Conference on Computer and Communications Security},
  pages={382--393},
  year={2014}
}

@inproceedings{ryan2014enhanced,
  title={Enhanced Certificate Transparency and End-to-End Encrypted Mail.},
  author={Ryan, Mark Dermot},
  booktitle={NDSS},
  pages={1--14},
  year={2014}
}

@article{laurie2012revocation,
  title={Revocation transparency},
  author={Laurie, Ben and Kasper, Emilia},
  journal={Google Research, September},
  pages={33},
  year={2012}
}

@inproceedings{haber1990time,
  title={How to time-stamp a digital document},
  author={Haber, Stuart and Stornetta, W Scott},
  booktitle={Conference on the Theory and Application of Cryptography},
  pages={437--455},
  year={1990},
  organization={Springer}
}

@incollection{bayer1993improving,
  title={Improving the efficiency and reliability of digital time-stamping},
  author={Bayer, Dave and Haber, Stuart and Stornetta, W Scott},
  booktitle={Sequences Ii},
  pages={329--334},
  year={1993},
  publisher={Springer}
}
