@article{wang2023exploring,
  title={Exploring Blockchains Interoperability: A Systematic Survey},
  author={Wang, Gang and Wang, Qin and Chen, Shiping},
  journal={ACM Computing Surveys},
  year={2023},
  publisher={ACM New York, NY}
}

@article{lacoste2023trusted,
  title={Trusted Execution Environments for Telecoms: Strengths, Weaknesses, Opportunities, and Threats},
  author={Lacoste, Marc and Lefebvre, Vincent},
  journal={IEEE Security \& Privacy},
  year={2023},
  publisher={IEEE}
}

@misc{bowden2018block,
	title={Block arrivals in the Bitcoin blockchain}, 
	author={R. Bowden and H. P. Keeler and A. E. Krzesinski and P. G. Taylor},
	year={2018},
	eprint={1801.07447},
	archivePrefix={arXiv},
	primaryClass={cs.CR}
}

@MISC{Decker_13-thieee,
	author = {Christian Decker and Roger Wattenhofer},
	title = {13-th IEEE International Conference on Peer-to-Peer Computing Information Propagation in the Bitcoin Network},
	year = {}
}

@inproceedings{Lipp2021Platypus,
	title = {{PLATYPUS: Software-based Power Side-Channel Attacks on x86}},
	author = {Lipp, Moritz and Kogler, Andreas and Oswald, David and Schwarz,
	Michael and Easdon, Catherine and Canella, Claudio and Gruss, Daniel},
	booktitle={2021 IEEE Symposium on Security and Privacy (SP)},
	year = {2021},
	organization={IEEE}
}

@INPROCEEDINGS {Murdock2019plundervolt,
	author={Murdock, Kit and Oswald, David and Garcia, Flavio D. and Van Bulck, Jo 
	and Gruss, Daniel and Piessens, Frank},
	booktitle = {{Proceedings of the 41st IEEE Symposium on Security and Privacy (S\&P'20)}},
	title={{Plundervolt}: Software-based Fault Injection Attacks against Intel SGX},
	booktitle = {41st IEEE Symposium on Security and Privacy (S\&P'20)},
	year = {2020},
}

@inproceedings{Borrello2022AEPIC,
	title = {{ÆPIC Leak}: Architecturally Leaking Uninitialized Data from the Microarchitecture},
	author = {Borrello, Pietro and Kogler, Andreas and Schwarzl, Martin and Lipp, Moritz and Gruss, Daniel and Schwarz, Michael},
	booktitle = {31st USENIX Security Symposium (USENIX Security 22)},
	year = {2022},
}

@inproceedings{cloosters2020teerex,
  title={TeeRex: Discovery and Exploitation of Memory Corruption Vulnerabilities in $\{$SGX$\}$ Enclaves},
  author={Cloosters, Tobias and Rodler, Michael and Davi, Lucas},
  booktitle={29th $\{$USENIX$\}$ Security Symposium ($\{$USENIX$\}$ Security 20)},
  pages={841--858},
  year={2020}
}
@inproceedings{costan2016sanctum,
  title={Sanctum: Minimal hardware extensions for strong software isolation},
  author={Costan, Victor and Lebedev, Ilia and Devadas, Srinivas},
  booktitle={25th $\{$USENIX$\}$ Security Symposium ($\{$USENIX$\}$ Security 16)},
  pages={857--874},
  year={2016}
}

@inproceedings{biondo2018guard,
  title={The Guard's Dilemma: Efficient Code-Reuse Attacks Against Intel $\{$SGX$\}$},
  author={Biondo, Andrea and Conti, Mauro and Davi, Lucas and Frassetto, Tommaso and Sadeghi, Ahmad-Reza},
  booktitle={27th $\{$USENIX$\}$ Security Symposium ($\{$USENIX$\}$ Security 18)},
  pages={1213--1227},
  year={2018}
}


@misc{intel-sgx-response,
  title= {{Resources and Response to Side Channel L1 Terminal Fault}},
  author = {{Intel}},
  year = {2018},
  url = {https://www.intel.com/content/www/us/en/architecture-and-technology/l1tf.html},
}

@inproceedings{seo2017sgx,
  title={SGX-Shield: Enabling Address Space Layout Randomization for SGX Programs.},
  author={Seo, Jaebaek and Lee, Byoungyoung and Kim, Seong Min and Shih, Ming-Wei and Shin, Insik and Han, Dongsu and Kim, Taesoo},
  booktitle={NDSS},
  year={2017}
}

@misc{Keystone-enclave,
  title={Keystone: An Open Framework for Architecting Trusted Execution Environments},
  author={ Keystone Enclave},
  year={2019},  
  howpublished = "\url{https://keystone-enclave.github.io/}"
}

@inproceedings{chen2017detecting,
  title={Detecting privileged side-channel attacks in shielded execution with D{\'e}j{\'a} Vu},
  author={Chen, Sanchuan and Zhang, Xiaokuan and Reiter, Michael K and Zhang, Yinqian},
  booktitle={Proceedings of the 2017 ACM on Asia Conference on Computer and Communications Security},
  pages={7--18},
  year={2017}
}

@inproceedings{gruss2017strong,
  title={Strong and efficient cache side-channel protection using hardware transactional memory},
  author={Gruss, Daniel and Lettner, Julian and Schuster, Felix and Ohrimenko, Olya and Haller, Istvan and Costa, Manuel},
  booktitle={26th $\{$USENIX$\}$ Security Symposium ($\{$USENIX$\}$ Security 17)},
  pages={217--233},
  year={2017}
}

@inproceedings{shih2017t,
  title={T-SGX: Eradicating Controlled-Channel Attacks Against Enclave Programs.},
  author={Shih, Ming-Wei and Lee, Sangho and Kim, Taesoo and Peinado, Marcus},
  booktitle={NDSS},
  year={2017}
}


@inproceedings{van2018foreshadow,
  title={Foreshadow: Extracting the keys to the intel $\{$SGX$\}$ kingdom with transient out-of-order execution},
  author={Van Bulck, Jo and Minkin, Marina and Weisse, Ofir and Genkin, Daniel and Kasikci, Baris and Piessens, Frank and Silberstein, Mark and Wenisch, Thomas F and Yarom, Yuval and Strackx, Raoul},
  booktitle={27th $\{$USENIX$\}$ Security Symposium ($\{$USENIX$\}$ Security 18)},
  pages={991--1008},
  year={2018}
}

@article{brasser2017dr,
  title={DR. SGX: hardening SGX enclaves against cache attacks with data location randomization},
  author={Brasser, Ferdinand and Capkun, Srdjan and Dmitrienko, Alexandra and Frassetto, Tommaso and Kostiainen, Kari and M{\"u}ller, Urs and Sadeghi, Ahmad-Reza},
  journal={arXiv preprint arXiv:1709.09917},
  year={2017}
}

@inproceedings{merkle1989certified,
  title={A certified digital signature},
  author={Merkle, Ralph C},
  booktitle={Conference on the Theory and Application of Cryptology},
  pages={218--238},
  year={1989},
  organization={Springer}
}

@inproceedings{crosby2009efficient,
  title={Efficient Data Structures For Tamper-Evident Logging.},
  author={Crosby, Scott A and Wallach, Dan S},
  booktitle={USENIX Security Symposium},
  pages={317--334},
  year={2009}
}


@misc{swift_link,
	author = {Jonathan Ehrenfeld},
	title = {SWIFT partners with Chainlink for cross-chain crypto transfer project},
	url={https://blog.chain.link/smartcon-2022-recap/},
	year = {2022}
}


@misc{cbdc_privacy_disc,
	author = {Christine Lagarde},
	title = {High level conference: Towards a legislative framework enabling a digital euro for citizens and businesses},
	url={https://www.ecb.europa.eu/press/key/date/2022/html/ecb.sp221107~dcc0cd8ed9.en.html},
	year = {2022}
}


https://www.ecb.europa.eu/press/key/date/2022/html/ecb.sp221107~dcc0cd8ed9.en.html



@article{GOBEL201623,
	title = {Bitcoin blockchain dynamics: The selfish-mine strategy in the presence of propagation delay},
	journal = {Performance Evaluation},
	volume = {104},
	pages = {23-41},
	year = {2016},
	issn = {0166-5316},
	doi = {https://doi.org/10.1016/j.peva.2016.07.001},
	url = {https://www.sciencedirect.com/science/article/pii/S016653161630089X},
	author = {J. Göbel and H.P. Keeler and A.E. Krzesinski and P.G. Taylor},
	keywords = {Bitcoin, Blockchain, Block hiding strategies, Honest mining, Selfish-mine},
	abstract = {In the context of the ‘selfish-mine’ strategy proposed by Eyal and Sirer, we study the effect of communication delay on the evolution of the Bitcoin blockchain. First, we use a simplified Markov model that tracks the contrasting states of belief about the blockchain of a small pool of dishonest miners and the ‘rest of the community’ to establish that the use of block-hiding strategies, such as selfish-mine, causes the rate of production of orphan blocks to increase. Then we use a spatial Poisson process model to study values of Eyal and Sirer’s parameter γ, which denotes the proportion of the honest community that mines on a previously-secret block released by the pool in response to the mining of a block by the honest community. Finally, we use discrete-event simulation to study the behaviour of a network of Bitcoin miners, a proportion of which is colluding in using the selfish-mine strategy, under the assumption that there is a delay in the communication of information between miners. The models indicate that both the dishonest and the honest miners were worse off than they would have been if no dishonest mining were present, and that it is possible for the mining community to detect block-hiding behaviour, such as that used in selfish-mine, by monitoring the rate of production of orphan blocks.}
}

@misc{eEVM-Microsoft,
  title={{Enclave EVM}},
  author={{Microsoft}},
  url={https://github.com/microsoft/eEVM},
  year={2020}
}


@misc{grunspan2020mathematics,
	title={The mathematics of Bitcoin}, 
	author={Cyril Grunspan and Ricardo Pérez-Marco},
	year={2020},
	eprint={2003.00001},
	archivePrefix={arXiv},
	primaryClass={math.HO}
}

@article{silvano2020iota,
  title={Iota Tangle: A cryptocurrency to communicate Internet-of-Things data},
  author={Silvano, Wellington Fernandes and Marcelino, Roderval},
  journal={Future Generation Computer Systems},
  volume={112},
  pages={307--319},
  year={2020},
  publisher={Elsevier}
}

@inproceedings{szalachowski2019strongchain,
  title={StrongChain: Transparent and Collaborative Proof-of-Work Consensus},
  author={Szalachowski, Pawel and Reijsbergen, Dani{\"e}l and Homoliak, Ivan and Sun, Siwei},
  booktitle={USENIX Security},
  year={2019}
}

@article{2016-Collins-CERTv5,
  title={Common sense guide to prevention and detection of insider threats 5th edition},
  author={Collins, Matthew L and Theis, Michael C  and Trzeciak, Randall F and Strozer, Jeremy R  and Clark, Jason W and Costa, Daniel L  and Cassidy, Tracy and Albrethsen, Michael J and Moore, Andrew P },
  journal={Published by CERT, SEI, CMU},
  year={2016}
}



@inproceedings{bonneau2014mixcoin,
  title={Mixcoin: Anonymity for Bitcoin with accountable mixes},
  author={Bonneau, Joseph and Narayanan, Arvind and Miller, Andrew and Clark, Jeremy and Kroll, Joshua A and Felten, Edward W},
  booktitle={FC},
  year={2014},
}


@article{genkin2018privacy,
  title={Privacy in decentralized cryptocurrencies},
  author={Genkin, Daniel and Papadopoulos, Dimitrios and Papamanthou, Charalampos},
  journal={Communications of the ACM},
  volume={61},
  number={6},
  pages={78--88},
  year={2018},
  publisher={ACM}
}

@article{fanti2018,
 author = {Fanti, Giulia and Venkatakrishnan, Shaileshh Bojja and Bakshi, Surya and Denby, Bradley and Bhargava, Shruti and Miller, Andrew and Viswanath, Pramod},
 title = {Dandelion++: Lightweight Cryptocurrency Networking with Formal Anonymity Guarantees},
 journal = {Proc. ACM Meas. Anal. Comput. Syst.},
 issue_date = {June 2018},
 volume = {2},
 number = {2},
 Amonth = jun,
 year = {2018},
 issn = {2476-1249},
 Apages = {29:1--29:35},
 articleno = {29},
 numpages = {35},
 url = {http://doi.acm.org/10.1145/3224424},
 doi = {10.1145/3224424},
 acmid = {3224424},
 Apublisher = {ACM},
 Aaddress = {New York, NY, USA},
 keywords = {anonymity, cryptocurrencies, p2p networks},
} 

@inproceedings{millertopology2015,
  title={Discovering Bitcoin' s Public Topology and Influential Nodes},
  author={Andrew Miller and James Litton and Andrew Pachulski and Neal Gupta and Dave Levin and Neil Spring and Bobby Bhattacharjee},
  year={2015}
}

@misc{maxwell2015,
    author = {G. Maxwell},
    title = {Confidential transactions},
	howpublished = "\url{https://people.xiph.org/~greg/confidential_values.txt}",
    year = {2015}
}


@InProceedings{pedersen91,
author="Pedersen, Torben Pryds",
editor="Feigenbaum, Joan",
title="Non-Interactive and Information-Theoretic Secure Verifiable Secret Sharing",
booktitle="CRYPTO'91",
year="1992",
Apublisher="Springer",
Apages="129--140",
abstract="It is shown how to distribute a secret to n persons such that each person can verify that he has received correct information about the secret without talking with other persons. Any k of these persons can later find the secret (1 ≤ k ≤ n), whereas fewer than k persons get no (Shannon) information about the secret. The information rate of the scheme is 1/2 and the distribution as well as the verification requires approximately 2k modular multiplications pr. bit of the secret. It is also shown how a number of persons can choose a secret ``in the well'' and distribute it verifiably among themselves.",
isbn="978-3-540-46766-3"
}


@article{wang2017,
title = "Preserving transaction privacy in bitcoin",
journal = "Future Generation Computer Systems",
year = "2017",
issn = "0167-739X",
doi = "https://doi.org/10.1016/j.future.2017.08.026",
url = "http://www.sciencedirect.com/science/article/pii/S0167739X17318393",
author = "Qin Wang and Bo Qin and Jiankun Hu and Fu Xiao",
keywords = "Bitcoin, Block chain, Transaction privacy, Zero-knowledge proof",
abstract = "As bitcoin has received considerable attentions, a large number of transactions are increasingly published through the Internet. The potential threat to online transactions is not only limited to the anonymity of identities such as address and pseudonyms, but also other sensitive information shown on scripts like transaction amounts. We propose a framework to hide the amounts by employing the Paillier cryptosystem for encryption and decryption. Due to its homomorphic properties, we create a dumbaccount which can receive the same amounts of bitcoins in each transaction but cannot spend them. This ensures that the hidden amounts are always positive, and keeps the equality between the Input-sum and the Output-sum via the commitment proofs. Our framework achieves delicate anonymity and prevents active and passive attacks, which effectively improves the transaction privacy. Analyses show that our proposal is secure and practical."
}

@InProceedings{pascal99,
author="Paillier, Pascal",
editor="Stern, Jacques",
title="Public-Key Cryptosystems Based on Composite Degree Residuosity Classes",
booktitle="EUROCRYPT'99",
year="1999",
Apublisher="Springer",
Apages="223--238",
abstract="This paper investigates a novel computational problem, namely the Composite Residuosity Class Problem, and its applications to public-key cryptography. We propose a new trapdoor mechanism and derive from this technique three encryption schemes: a trapdoor permutation and two homomorphic probabilistic encryption schemes computationally comparable to RSA. Our cryptosystems, based on usual modular arithmetics, are provably secure under appropriate assumptions in the standard model.",
isbn="978-3-540-48910-8"
}

@InProceedings{sassonznark,
author="Ben-Sasson, Eli and Chiesa, Alessandro and Genkin, Daniel and Tromer, Eran and Virza, Madars",
editor="Canetti, Ran
and Garay, Juan A.",
title="SNARKs for C: Verifying Program Executions Succinctly and in Zero Knowledge",
booktitle="CRYPTO'13",
year="2013",
Apublisher="Springer",
Apages="90--108",
abstract="An argument system for NP is a proof system that allows efficient verification of NP statements, given proofs produced by an untrusted yet computationally-bounded prover. Such a system is non-interactive and publicly-verifiable if, after a trusted party publishes a proving key and a verification key, anyone can use the proving key to generate non-interactive proofs for adaptively-chosen NP statements, and proofs can be verified by anyone by using the verification key.",
isbn="978-3-642-40084-1"
}

@inproceedings{cecchetti2017,
 author = {Cecchetti, Ethan and Zhang, Fan and Ji, Yan and Kosba, Ahmed and Juels, Ari and Shi, Elaine},
 title = {Solidus: Confidential Distributed Ledger Transactions via PVORM},
 booktitle = {ACM CCS},
 Aseries = {CCS '17},
 year = {2017},
 isbn = {978-1-4503-4946-8},
 location = {Dallas, Texas, USA},
 Apages = {701--717},
 numpages = {17},
 url = {http://doi.acm.org/10.1145/3133956.3134010},
 doi = {10.1145/3133956.3134010},
 acmid = {3134010},
 Apublisher = {ACM},
 address = {New York, NY, USA},
 keywords = {blockchain, confidential transactions, oblivious ram},
}

@inproceedings{blum1988,
 author = {Blum, Manuel and Feldman, Paul and Micali, Silvio},
 title = {Non-interactive Zero-knowledge and Its Applications},
 booktitle = {ACM STOC},
 Aseries = {STOC '88},
 year = {1988},
 isbn = {0-89791-264-0},
 location = {Chicago, Illinois, USA},
 Apages = {103--112},
 numpages = {10},
 url = {http://doi.acm.org/10.1145/62212.62222},
 doi = {10.1145/62212.62222},
 acmid = {62222},
 Apublisher = {ACM},
 address = {New York, NY, USA},
} 

@InProceedings{valenta2015,
author="Valenta, Luke and Rowan, Brendan", editor="Brenner, Michael and Christin, Nicolas and Johnson, Benjamin and Rohloff, Kurt",
title="Blindcoin: Blinded, Accountable Mixes for {Bitcoin}",
booktitle="FC",
year="2015",
Apublisher="Springer",
Apages="112--126",
abstract="Mixcoin is a Bitcoin mixing protocol proposed by Bonneau et al. which provides strong accountability guarantees [13]. However, in the Mixcoin protocol, the mapping from a user's input to output address is visible to the mixing server. We modify the Mixcoin protocol to provide guarantees that the input/output address mapping for any user is kept hidden from the mixing server. In order to achieve this, we make use of a blind signature scheme [14, 23] as well as an append-only public log. The scheme is fully compatible with Bitcoin, forces mixes to be accountable, preserves user anonymity even against a malicious mix, is resilient to denial of service attacks, and easily scales to many users.",
isbn="978-3-662-48051-9"
}



@InProceedings{rivestring,
author="Rivest, Ronald L. and Shamir, Adi and Tauman, Yael",
editor="Boyd, Colin",
title="How to Leak a Secret",
booktitle="ASIACRYPT",
year="2001",
Apublisher="Springer",
Apages="552--565",
abstract="In this paper we formalize the notion of a ring signature, which makes it possible to specify a set of possible signers without revealing which member actually produced the signature.Unlike group signatures, ring signatures have no group managers, no setup procedures, no revocation procedures, and no coordination:any user can choose any set of possible signers that includes himself,and sign any message by using his secret key and the others' public keys,without getting their approval or assistance. Ring signatures provide an elegant way to leak authoritativ secrets in an anonymous way, to sign casual email in a way which can only be verified by its intended recipient, and to solve other problems in multiparty computations. The main contribution of this paper is a new construction of such signatures which is unconditionally signer-ambiguous, provably secure in the random oracle model,and exceptionally efficient:adding each ring member increases the cost of signing or verifying by a single modular multiplication and a single symmetric encryption.",
isbn="978-3-540-45682-7"
}

@misc{saberhagen2013ring,
    author = {Nicolas van Saberhagen},
    title = {Cryptonote v 2.0},
	howpublished = "\url{https://cryptonote.org/whitepaper.pdf}",
    year = {2013}
}

@article{ziegeldorf2018,
title = "Secure and anonymous decentralized Bitcoin mixing",
journal = "Future Generation Computer Systems",
volume = "80",
Apages = "448 - 466",
year = "2018",
issn = "0167-739X",
doi = "https://doi.org/10.1016/j.future.2016.05.018",
url = "http://www.sciencedirect.com/science/article/pii/S0167739X16301297",
author = "Jan Henrik Ziegeldorf and Roman Matzutt and Martin Henze and Fred Grossmann and Klaus Wehrle",
}

@inproceedings{bissias2014,
 author = {Bissias, George and Ozisik, A. Pinar and Levine, Brian N. and Liberatore, Marc},
 title = {Sybil-Resistant Mixing for Bitcoin},
 booktitle = {WPES},
 Aseries = {WPES 14},
 year = {2014},
 isbn = {978-1-4503-3148-7},
 location = {Scottsdale, Arizona, USA},
 Apages = {149--158},
 numpages = {10},
 url = {http://doi.acm.org/10.1145/2665943.2665955},
 doi = {10.1145/2665943.2665955},
 acmid = {2665955},
 Apublisher = {ACM},
 address = {New York, NY, USA},
 keywords = {measurement, security},
}


@inproceedings{HeilmanABSG17,
  author    = {Ethan Heilman and Leen Alshenibr and Foteini Baldimtsi and Alessandra Scafuro and Sharon Goldberg},
  title     = {TumbleBit: An Untrusted Bitcoin-Compatible Anonymous Payment Hub},
  booktitle = {NDSS},
  year      = {2017},
  url       = {https://www.ndss-symposium.org/ndss2017/ndss-2017-programme/tumblebit-untrusted-bitcoin-compatible-anonymous-payment-hub/},  
}

@misc{dashmixing,
title = {PrivateSend and InstantSend},
author={},
year = {2019},
howpublished = "\url{https://docs.dash.org/en/stable/wallets/dashcore/privatesend-instantsend.html}"
}

@article{feng2019,
title = "A survey on privacy protection in blockchain system",
journal = "Journal of Network and Computer Applications",
volume = "126",
Apages = "45 - 58",
year = "2019",
issn = "1084-8045",
doi = "https://doi.org/10.1016/j.jnca.2018.10.020",
url = "http://www.sciencedirect.com/science/article/pii/S1084804518303485",
author = "Qi Feng and Debiao He and Sherali Zeadally and Muhammad Khurram Khan and Neeraj Kumar",
}

@InProceedings{androulaki2013,
author="Androulaki, Elli and Karame, Ghassan O. and Roeschlin, Marc and Scherer, Tobias and Capkun, Srdjan",
editor="Sadeghi, Ahmad-Reza",
title="Evaluating User Privacy in Bitcoin",
booktitle="Financial Crypto",
year="2013",
Apublisher="Springer",
Apages="34--51",
isbn="978-3-642-39884-1"
}


@article{rodrigues2010,
 author = {Rodrigues, Rodrigo and Druschel, Peter},
 title = {Peer-to-peer Systems},
 journal = {Commun. ACM},
 issue_date = {October 2010},
 volume = {53},
 number = {10},
 Amonth = oct,
 year = {2010},
 issn = {0001-0782},
 Apages = {72--82},
 numpages = {11},
 url = {http://doi.acm.org/10.1145/1831407.1831427},
 doi = {10.1145/1831407.1831427},
 acmid = {1831427},
 Apublisher = {ACM},
 address = {New York, NY, USA},
} 

@misc{swift10,
title = {Successful SIEM and Log Management Strategies for Audit and Compliance (Appendix A)},
author={David Swift},
year = {2010},
howpublished = "\url{https://www.sans.org/reading-room/whitepapers/logging/practical-application-sim-sem-siem-automating-threat-identification-1781}"
}

@Article{martin2007,
author="Martin-Flatin, Jean Philippe and Jakobson, Gabriel and Lewis, Lundy",
title="Event Correlation in Integrated Management: Lessons Learned and Outlook",
journal="Journal of Network and Systems Management",
year="2007",
Amonth="Dec",
day="01",
volume="15",
number="4",
Apages="481--502",
issn="1573-7705",
doi="10.1007/s10922-007-9078-5",
url="https://doi.org/10.1007/s10922-007-9078-5"
}



@misc{kent06,
title = {Guide to Computer Security Log Management},
author={Karen Kent, Murugiah Souppaya},
year = {2006},
howpublished = "\url{https://csrc.nist.gov/publications/detail/sp/800-92/final}"
}

@misc{swift06,
title = {{A Practical Application ofSIM/SEM/SIEM Automating Threat Identification}},
author={David Swift},
year = {2006)},
howpublished = "\url{https://www.sans.org/reading-room/whitepapers/logging/practical-application-sim-sem-siem-automating-threat-identification-1781}"
}


@misc{insidercorp,
title = {Corporate networks vulnerable to insider attacks, report finds},
author={Warwick Ashford},
year = {2018},
howpublished = "\url{http://bit.ly/2WdPGFE}"
}


@inproceedings{zhang2017publish,
  title={Publish or perish: A backward-compatible defense against selfish mining in bitcoin},
  author={Zhang, Ren and Preneel, Bart},
  booktitle={CT-RSA},
  Apages={277--292},
  year={2017},
  Aorganization={Springer}
}

@misc{ethereum-classic-GHOST,
  title={ECIP-1029: Include Uncles in Total Difficulty Calculation},
  author={Tang, Wei},
  url={https://github.com/ethereumproject/ECIPs/pull/71},
  year={2017}
  
}

@inproceedings{kogias2016byzcoin,
  title={Enhancing bitcoin security and performance with strong consistency via collective signing},
  author={Kogias, Eleftherios Kokoris and Jovanovic, Philipp and Gailly, Nicolas and Khoffi, Ismail and Gasser, Linus and Ford, Bryan},
  booktitle={USENIX Security},
  Apages={279--296},
  year={2016}
}

@misc{stellar,
  title={The Stellar Consensus Protocol: A Federated Model for Internet-level Consensus},
  author={David Mazi\'{e}res},
  Aorganization = {Stellar Development Foundation},
  year={2015}
}

@misc{lerner2015decor,
  title={DECOR+ HOP: A scalable blockchain protocol},
  author={Lerner, Sergio Demian},
  year={2015}
}

@article{eyal2018majority,
  title={Majority is not enough: Bitcoin mining is vulnerable},
  author={Eyal, Ittay and Sirer, Emin G{\"u}n},
  journal={Communications of the ACM},
  volume={61},
  number={7},
  Apages={95--102},
  year={2018},
  Apublisher={ACM}
}

@inproceedings{gervais2016security,
  title={On the security and performance of proof of work blockchains},
  author={Gervais, Arthur and Karame, Ghassan O and W{\"u}st, Karl and Glykantzis, Vasileios and Ritzdorf, Hubert and Capkun, Srdjan},
  booktitle={Proceedings of the 2016 ACM SIGSAC conference on computer and communications security},
  pages={3--16},
  year={2016}
}

@misc{sompolinsky:cryptoeprint:2018:104,
    author = {Yonatan Sompolinsky and Shai Wyborski and Aviv Zohar},
    title = {PHANTOM and GHOSTDAG:  A Scalable Generalization of Nakamoto Consensus},
    howpublished = {Cryptology ePrint Archive, Report 2018/104},
    year = {2018},
    note = {\url{https://eprint.iacr.org/2018/104}},
}

@misc{sompolinsky2020phantom,
  title={Phantom, Ghostdag},
  author={Sompolinsky, Yonatan and Zohar, Aviv},
  year={2020}
}

@inproceedings{lewenberg2015inclusive,
  title={Inclusive block chain protocols},
  author={Lewenberg, Yoad and Sompolinsky, Yonatan and Zohar, Aviv},
  booktitle={Financial Crypto},
  Apages={528--547},
  year={2015},
  Aorganization={Springer}
}

@article{hanke2018dfinity,
  title={Dfinity technology overview series, consensus system},
  author={Hanke, Timo and Movahedi, Mahnush and Williams, Dominic},
  journal={arXiv preprint arXiv:1805.04548},
  year={2018}
}

@misc{zilliqa2017zilliqa,
  title={{The ZILLIQA Technical Whitepaper}},
  author={{ZILLIQA Team}},
  year={2017},
  Apublisher={August}
}


@article{lamport1998paxos,
  title={The part-time parliament},
  author={Lamport, Leslie and others},
  journal={ACM Transactions on Computer systems},
  volume={16},
  number={2},
  Apages={133--169},
  year={1998}
}

@inproceedings{sapirshtein2016optimal,
  title={Optimal selfish mining strategies in {B}itcoin},
  author={Sapirshtein, Ayelet and Sompolinsky, Yonatan and Zohar, Aviv},
  booktitle={FC},
  Apages={515--532},
  year={2016},
  Aorganization={Springer}
}

@article{zimmermann1980osi,
  title={OSI reference model-the ISO model of architecture for open systems interconnection},
  author={Zimmermann, Hubert},
  journal={IEEE Transactions on communications},
  volume={28},
  number={4},
  Apages={425--432},
  year={1980},
  Apublisher={IEEE}
}

@inproceedings{directconnect,
  author    = {Pavel Gurvich and Noam Koenigstein and Yuval Shavitt},
  title     = {Analyzing the {DC} File Sharing Network},
  booktitle = {{IEEE} Tenth International Conference on Peer-to-Peer Computing, {P2P}
               2010, Delft, The Netherlands, 25-27 August 2010},
  Apages     = {1--4},
  year      = {2010},
  url       = {https://doi.org/10.1109/P2P.2010.5569999},
  doi       = {10.1109/P2P.2010.5569999},
  biburl    = {https://dblp.org/rec/bib/conf/p2p/GurvichKS10},
}

@article{sen2004,
 author = {Sen, Subhabrata and Wang, Jia},
 title = {Analyzing Peer-to-peer Traffic Across Large Networks},
 journal = {IEEE/ACM Trans. Netw.},
 issue_date = {April 2004},
 volume = {12},
 number = {2},
 Amonth = apr,
 year = {2004},
 issn = {1063-6692},
 Apages = {219--232},
 numpages = {14},
 url = {http://dx.doi.org/10.1109/TNET.2004.826277},
 doi = {10.1109/TNET.2004.826277},
 acmid = {987234},
 Apublisher = {IEEE Press},
 address = {Piscataway, NJ, USA},
 keywords = {P2P, file sharing, peer-to-peer, traffic characterization, traffic measurement},
} 

@inproceedings{kazaa,
 author = {Leibowitz, Nathaniel and Ripeanu, Matei and Wierzbicki, Adam},
 title = {Deconstructing the Kazaa Network},
 booktitle = {IEEE Workshop on Internet Applications},
 Aseries = {WIAPP '03},
 year = {2003},
 isbn = {0-7695-1972-5},
 Apages = {112--},
 url = {http://dl.acm.org/citation.cfm?id=832311.837393},
 acmid = {837393},
 Apublisher = {IEEE Computer Society},
 address = {Washington, DC, USA},
} 


@techreport{gnutellaprotocol,
  author = {Tor Klingberg & Raphael Manfredi},
  title = {Gnutella 0.6 },
  year = {2002},
  Amonth = {June},
  issn = {},
  Apublisher = {},
  Ainstitution = {},
  url = {http://rfc-gnutella.sourceforge.net/src/rfc-0_6-draft.html}
}


@article{gnutellastatmodels,
title = "Statistical models for Gnutella signaling traffic",
journal = "Computer Networks",
volume = "51",
number = "17",
Apages = "4816 - 4835",
year = "2007",
issn = "1389-1286",
doi = "https://doi.org/10.1016/j.comnet.2007.07.006",
url = "http://www.sciencedirect.com/science/article/pii/S1389128607002071",
author = "Dragos Ilie and Adrian Popescu",
}

@article{avizienis2004basic,
  title={Basic concepts and taxonomy of dependable and secure computing},
  author={Avizienis, Algirdas and Laprie, J-C and Randell, Brian and Landwehr, Carl},
  journal={IEEE transactions on dependable and secure computing},
  volume={1},
  number={1},
  Apages={11--33},
  year={2004},
  Apublisher={IEEE}
}

@incollection{mcknight1995,
 author = {McKnight, Lee W. and Bailey, Joseph P.},
 title = {An Introduction to Internet Economics},
 year = {1995},
 url = {http://dx.doi.org/10.3998/3336451.0001.123},
 Apublisher = {The Journal of Electronic Publishing},
} 

@misc{openness2016,
title = {Economic and Social Benefits of Internet Openness },
author = {Box, Sarah and West, Jeremy K.},
year = {22 June 2016},
howpublished = "\url{https://ssrn.com/abstract=2800227}"
}

@misc{morris2018,
title = {Netflix Consumes 15\% of the World's Internet Bandwidth},
author = {Chris Morris },
year = {02 October 2018},
howpublished = "\url{http://fortune.com/2018/10/02/netflix-consumes-15-percent-of-global-internet-bandwidth/}"
}

@techreport{akamai2017,
  author = {Akamai},
  title = {{Q1 2017 State of the Internet/Connectivity Report}},
  year = {2017},
  url = {https://www.akamai.com/us/en/multimedia/documents/state-of-the-internet/q1-2017-state-of-the-internet-connectivity-report.pdf}
}


@article{internetadversary,
  author    = {David S. H. Rosenthal and Petros Maniatis and Mema Roussopoulos and Thomas J. Giuli and Mary Baker},
  title     = {Notes On The Design Of An Internet Adversary},
  journal   = {CoRR},
  volume    = {cs.DL/0411078},
  year      = {2004},
  url       = {http://arxiv.org/abs/cs.DL/0411078},
  timestamp = {Mon, 13 Aug 2018 16:47:40 +0200},
  biburl    = {https://dblp.org/rec/bib/journals/corr/cs-DL-0411078},
  bibsource = {dblp computer science bibliography, https://dblp.org}
}

@misc{fullnodeddos,
title = {Major {{DDoS}} Attacks Hit Bitcoin.com},
author = {David Shares},
year = {2017},
howpublished = "\url{https://news.bitcoin.com/ddos-attacks-bitcoin-com-uncensored-information/}"
}


@article{chohan2018concept,
  title={The concept and criticisms of Steemit},
  author={Chohan, Usman},
  year={2018}
}

@article{dwork1988consensus,
  title={Consensus in the presence of partial synchrony},
  author={Dwork, Cynthia and Lynch, Nancy and Stockmeyer, Larry},
  journal={Journal of the ACM (JACM)},
  volume={35},
  number={2},
  Apages={288--323},
  year={1988},
  Apublisher={ACM}
}

@article{cachin2017blockchain,
  title={Blockchain consensus protocols in the wild},
  author={Cachin, Christian and Vukoli{\'c}, Marko},
  journal={arXiv preprint arXiv:1707.01873},
  year={2017}
}

@inproceedings{herlihy1987axioms,
  title={Axioms for concurrent objects},
  author={Herlihy, Maurice P and Wing, Jeannette M},
  booktitle={ACM SIGACT-SIGPLAN symposium on Principles of programming languages},
  Apages={13--26},
  year={1987},
  Aorganization={ACM}
}

@inproceedings{rivest2001leak,
  title={How to leak a secret},
  author={Rivest, Ronald L and Shamir, Adi and Tauman, Yael},
  booktitle={International Conference on the Theory and Application of Cryptology and Information Security},
  Apages={552--565},
  year={2001},
  Aorganization={Springer}
}

@inproceedings{ben2014succinct,
  title={Succinct non-interactive zero knowledge for a von Neumann architecture},
  author={Ben-Sasson, Eli and Chiesa, Alessandro and Tromer, Eran and Virza, Madars},
  booktitle={USENIX Security},
  Apages={781--796},
  year={2014}
}

@inproceedings{kosba2016hawk,
  title={Hawk: The blockchain model of cryptography and privacy-preserving smart contracts},
  author={Kosba, Ahmed and Miller, Andrew and Shi, Elaine and Wen, Zikai and Papamanthou, Charalampos},
  booktitle={IEEE S\&P},
  Apages={839--858},
  year={2016},
  Aorganization={IEEE}
}

@misc{minerddos,
title = {Bitcoin Mining Pools Targeted in Wave of DDOS Attacks},
author = {Stan Higgins},
year = {2015},
howpublished = "\url{https://www.coindesk.com/bitcoin-mining-pools-ddos-attacks}"
}

@techreport{rfc1930,
  author = {Hawkinson, J. and T. Bates},
  title = {Guidelines for creation, selection, and registration of an Autonomous System (AS)},
  howpublished = {Internet Requests for Comments},
  type = {RFC},
  number = 1930,
  year = {1996},
  Amonth = {March},
  issn = {},
  Apublisher = {RFC Editor},
  Ainstitution = {RFC Editor},
  url = {https://www.rfc-editor.org/info/rfc1930}
}

@techreport{ianafun2015,
  author = {},
  title = {An Introduction to the Internet Assigned Numbers Authority (IANA) Functions},
  year = {2015},
  Amonth = {December},
  issn = {},
  Apublisher = {ICANN},
  Ainstitution = {},
  url = {https://www.icann.org/en/system/files/files/iana-functions-18dec15-en.pdf}
}


@techreport{cc2017,
  author = {{Common Criteria}},
  title = {Common Criteria for Information Technology Security Evaluation.},
  year = {2017},
  Amonth = {April},
  url = {https://www.commoncriteriaportal.org/files/ccfiles/CCPART1V3.1R5.pdf}
}


@techreport{rfc8205,
  title={{BGPSEC} protocol specification},
  author={Lepinski, Matt and Sriram, K},
  year={2017}
}


@misc{vpn15,
title = {I Am Anonymous When I Use a VPN – 10 Myths Debunked},
author = {Dexaran},
year = {28 July 2015},
howpublished = "\url{https://www.goldenfrog.com/blog/myths-about-vpn-logging-and-anonymity}"
}

@inproceedings{biryukov2013tth,
 author = {Biryukov, Alex and Pustogarov, Ivan and Weinmann, Ralf-Philipp},
 title = {Trawling for Tor Hidden Services: Detection, Measurement, Deanonymization},
 booktitle = {IEEE SP},
 year = {2013},
 isbn = {978-0-7695-4977-4},
 Apages = {80--94},
 numpages = {15},
 url = {http://dx.doi.org/10.1109/SP.2013.15},
 doi = {10.1109/SP.2013.15},
 acmid = {2498103},
 Apublisher = {IEEE Computer Society},
 address = {Washington, DC, USA},
 keywords = {Tor, anonymity network, privacy, hidden services},
} 

@article{sompolinsky2013accelerating,
  title={Accelerating {Bitcoin}'s Transaction Processing. {Fast} Money Grows on Trees, Not Chains.},
  author={Sompolinsky, Yonatan and Zohar, Aviv},
  volume={2013},
  number={881},
  year={2013}
}

@article{popov2016tangle,
  title={The tangle},
  author={Popov, Serguei},
  journal={cit. on},
  Apages={131},
  year={2016}
}

@inproceedings{sompolinsky2015secure,
  title={Secure high-rate transaction processing in bitcoin},
  author={Sompolinsky, Yonatan and Zohar, Aviv},
  booktitle={Financial Crypto},
  Apages={507--527},
  year={2015},
  Aorganization={Springer}
}

@misc{rocket2018snowflake,
  title={Snowflake to avalanche: A novel metastable consensus protocol family for cryptocurrencies},
  author={Rocket, Team},
  year={2018}
}


@article{homoliak2018insight,
 author = {Homoliak, Ivan and Toffalini, Flavio and Guarnizo, Juan and Elovici, Yuval and Ochoa, Mart\'{\i}n},
 title = {Insight Into Insiders and {IT}: A Survey of Insider Threat Taxonomies, Analysis, Modeling, and Countermeasures},
 journal = {ACM CSUR},
 issue_date = {May 2019},
 volume = {52},
 number = {2},
 year = {2019},
 issn = {0360-0300},
 articleno = {30},
 numpages = {40},
 url = {http://doi.acm.org/10.1145/3303771},
 doi = {10.1145/3303771},
 acmid = {3303771},
 publisher = {ACM},
 address = {New York, NY, USA}
} 

@inproceedings{boneh2001short,
  title={Short signatures from the Weil pairing},
  author={Boneh, Dan and Lynn, Ben and Shacham, Hovav},
  booktitle={ASIACRYPT},
  Apages={514--532},
  year={2001},
  Aorganization={Springer}
}

@article{cachin2009ByzantinePaxos,
  title={Yet another visit to Paxos},
  author={Cachin, Christian},
  journal={IBM Research, Zurich, Switzerland, Tech. Rep. RZ3754},
  year={2009},
  Apublisher={Citeseer}
}

@article{schneider1990implementing,
  title={Implementing fault-tolerant services using the state machine approach: A tutorial},
  author={Schneider, Fred B},
  journal={ACM CSUR},
  volume={22},
  number={4},
  Apages={299--319},
  year={1990},
  Apublisher={ACM}
}

@inproceedings{gavzi2018stake,
  title={Stake-bleeding attacks on proof-of-stake blockchains},
  author={Ga{\v{z}}i, Peter and Kiayias, Aggelos and Russell, Alexander},
  booktitle={IEEE CVCBT},
  Apages={85--92},
  year={2018},
  Aorganization={IEEE}
}

@article{buchman2018tendermint,
  title = {{The latest gossip on BFT consensus}},
  author={Buchman, Ethan and Kwon, Jae and Milosevic, Zarko},
  year={2018}
}

@inproceedings{bellare1999forward,
  title={A forward-secure digital signature scheme},
  author={Bellare, Mihir and Miner, Sara K},
  booktitle={CRYPTO'99},
  Apages={431--448},
  year={1999},
  Aorganization={Springer}
}

@inproceedings{david2018ouroboros,
  title={{Ouroboros Praos: An adaptively-secure, semi-synchronous proof-of-stake blockchain}},
  author={David, Bernardo and Ga{\v{z}}i, Peter and Kiayias, Aggelos and Russell, Alexander},
  booktitle={EUROCRYPT},
  Apages={66--98},
  year={2018},
  Aorganization={Springer}
}

@inproceedings{chen2017security,
  title={On security analysis of proof-of-elapsed-time (poet)},
  author={Chen, Lin and Xu, Lei and Shah, Nolan and Gao, Zhimin and Lu, Yang and Shi, Weidong},
  booktitle={International Symposium on Stabilization, Safety, and Security of Distributed Systems},
  Apages={282--297},
  year={2017},
  Aorganization={Springer}
}

@misc{nakamoto2008bitcoin,
  title={Bitcoin: A peer-to-peer electronic cash system},
  author={Nakamoto, Satoshi},
  year={2008}
}

@inproceedings{castro1999practical,
  author    = {Miguel Castro and Barbara Liskov},
  title     = {Practical Byzantine Fault Tolerance},
  booktitle = {OSDI},
  pages     = {173--186},
  year      = {1999}
}

@inproceedings{aublin2013rbft,
  title={{RBFT: Redundant byzantine fault tolerance}},
  author={Aublin, Pierre-Louis and Mokhtar, Sonia Ben and Qu{\'e}ma, Vivien},
  booktitle={ICDCS},
  Apages={297--306},
  year={2013},
  Aorganization={IEEE}
}

@misc{hyperledger1,
  title={Hyperledger Architecture, Vol. 1: Consensus},
  author={{Hyperledger team}},
  url={https://www.hyperledger.org/wp-content/uploads/2017/08/Hyperledger_Arch_WG_Paper_1_Consensus.pdf},
  year={2017}  
}

@inproceedings{gilad2017algorand,
  title={Algorand: Scaling byzantine agreements for cryptocurrencies},
  author={Gilad, Yossi and Hemo, Rotem and Micali, Silvio and Vlachos, Georgios and Zeldovich, Nickolai},
  booktitle={SOSP},
  Apages={51--68},
  year={2017},
  Aorganization={ACM}
}

@article{bentov2014proof,
  title={{Proof of Activity: Extending Bitcoin's Proof of Work via Proof of Stake.}},
  author={Bentov, Iddo and Lee, Charles and Mizrahi, Alex and Rosenfeld, Meni},
  volume={},
  Apages={452},
  year={2014}
}

@incollection{daian2017snow,
  title={Snow white: Robustly reconfigurable consensus and applications to provably secure proofs of stake},
  author={Daian, Phil and Pass, Rafael and Shi, Elaine},
  booktitle={Iacr},
  Apages={1--64},
  year={2017}
}

@inproceedings{kiayias2017ouroboros,
  title={Ouroboros: A provably secure proof-of-stake blockchain protocol},
  author={Kiayias, Aggelos and Russell, Al`exander and David, Bernardo and Oliynykov, Roman},
  booktitle={CRYPTO'17},
  Apages={357--388},
  year={2017},
  Aorganization={Springer}
}

@inproceedings{bentov2016cryptocurrencies,
  title={Cryptocurrencies without proof of work},
  author={Bentov, Iddo and Gabizon, Ariel and Mizrahi, Alex},
  booktitle={FC},
  Apages={142--157},
  year={2016},
  Aorganization={Springer}
}

@misc{peercoin-wiki,
  title={Peercoin},
  author={Bticoinwiki},
  url={https://en.bitcoinwiki.org/wiki/Peercoin#Checkpointing},
  year={2019}
  
}

@article{buterin2017casper,
  title={Casper the friendly finality gadget},
  author={Buterin, Vitalik and Griffith, Virgil},
  year={2017}
}


@incollection{li2017securing,
  title={Securing {PoS} blockchain protocols},
  author={Li, Wenting and Andreina, S{\'e}bastien and Bohli, Jens-Matthias and Karame, Ghassan},
  booktitle={DPM},
  Apages={297--315},
  year={2017},
  Apublisher={Springer}
}

@article{bentov2016snow,
  title={Snow White: Provably Secure Proofs of Stake.},
  author={Bentov, Iddo and Pass, Rafael and Shi, Elaine},
  volume={},
  Apages={919},
  year={2016}
}


@techreport{peercoin,
  title={Ppcoin: Peer-to-peer crypto-currency with proof-of-stake},
  author={{S. King and S. Nadal}},
  year={2012},
  url={https://peercoin.net/assets/paper/peercoin-paper.pdf},
}

@misc{timejacking,
  title={{Timejacking \& Bitcoin}},
  author={Alex Boverman},
  howpublished={http://bit.ly/2WKAnbM},
  year={2011}
}


@inproceedings{szalachowski2018short,
  title={(Short Paper) Towards More Reliable Bitcoin Timestamps},
  author={Szalachowski, Pawel},
  booktitle={IEEE CVCBT},
  Apages={101--104},
  year={2018},
  Aorganization={IEEE}
}

@article{rizun2016subchains,
  title={Subchains: A technique to scale {B}itcoin and improve the user experience},
  author={Rizun, Peter R},
  journal={Ledger},
  volume={1},
  Apages={38--52},
  year={2016}
}

@misc{zamyatinflux,
   author = {Zamyatin, Alexei and Stifter, Nicholas and Schindler, Philipp and Weippl, Edgar and Knottenbelt, William J},
   title = {{Flux: Revisiting Near Blocks for Proof-of-Work Blockchains}},
   year         = {2018},   
   note         = {\url{https://eprint.iacr.org/2018/415/20180529:172206}}
}


@misc{p2pool,
  title={{P2Pool -- Decentralized {B}itcoin Mining Pool}},
  author={P2Pool.org},
  url={http://p2pool.org/},
  year={2017}
  
}

@inproceedings{bag2016yet,
  title={Yet another note on block withholding attack on bitcoin mining pools},
  author={Bag, Samiran and Sakurai, Kouichi},
  booktitle={International Conference on Information Security},
  Apages={167--180},
  year={2016},
  Aorganization={Springer}
}

@article{bag2017bitcoin,
  title={Bitcoin block withholding attack: Analysis and mitigation},
  author={Bag, Samiran and Ruj, Sushmita and Sakurai, Kouichi},
  journal={IEEE Transactions on Information Forensics and Security},
  volume={12},
  number={8},
  Apages={1967--1978},
  year={2017},
  Apublisher={IEEE}
}


@inproceedings{schrijvers2016incentive,
  title={Incentive compatibility of bitcoin mining pool reward functions},
  author={Schrijvers, Okke and Bonneau, Joseph and Boneh, Dan and Roughgarden, Tim},
  booktitle={Financial Crypto},
  Apages={477--498},
  year={2016},
  Aorganization={Springer}
}

@misc{poolhop,
	title={{Optimal pool abuse strategy}},
	author={Raulo},
	Howpublished={\url{http://bitcoin.atspace.com/poolcheating.pdf}},
	year={2011}
	
}

@inproceedings{pass2017fruitchains,
  title={Fruitchains: A fair blockchain},
  author={Pass, Rafael and Shi, Elaine},
  booktitle={PODC},
  Apages={315--324},
  year={2017},
  Aorganization={ACM}
}

@article{rosenfeld2011analysis,
  title={Analysis of {B}itcoin pooled mining reward systems},
  author={Rosenfeld, Meni},
  year={2011}
}


@inproceedings{miller2015nonoutsourceable,
  title={Nonoutsourceable scratch-off puzzles to discourage bitcoin mining coalitions},
  author={Miller, Andrew and Kosba, Ahmed and Katz, Jonathan and Shi, Elaine},
  booktitle={ACM CCS},
  year={2015},
  Aorganization={ACM}
}

@inproceedings{miller2014permacoin,
  title={Permacoin: Repurposing bitcoin work for data preservation},
  author={Miller, Andrew and Juels, Ari and Shi, Elaine and Parno, Bryan and Katz, Jonathan},
  booktitle={{IEEE} S\&P},
  year={2014},
  Aorganization={IEEE}
}

@article{bano2017consensus,
  title={Consensus in the age of blockchains},
  author={Bano, Shehar and Sonnino, Alberto and Al-Bassam, Mustafa and Azouvi, Sarah and McCorry, Patrick and Meiklejohn, Sarah and Danezis, George},
  journal={arXiv preprint arXiv:1711.03936},
  year={2017}
}


@article{conti2018survey,
  title={A survey on security and privacy issues of bitcoin},
  author={Conti, Mauro and Kumar, E Sandeep and Lal, Chhagan and Ruj, Sushmita},
  journal={IEEE Communications Surveys \& Tutorials},
  volume={20},
  number={4},
  Apages={3416--3452},
  year={2018},
  Apublisher={IEEE}
}

@article{wang2018survey,
  title={A Survey on Consensus Mechanisms and Mining Management in Blockchain Networks},
  author={Wang, Wenbo and Hoang, Dinh Thai and Xiong, Zehui and Niyato, Dusit and Wang, Ping and Hu, Peizhao and Wen, Yonggang},
  year={2018}
}

@misc{bitcoin_github_repo_01152019,
title = {Bitcoin Github Repository},
author = {Satoshi Nakamoto ; Bitcoin Core Developers},
year = {2019},
howpublished = "\url{https://github.com/bitcoin/bitcoin/blob/master/src/chainparams.cpp}"
}

@misc{iana_snyder_09552016,
title = {The History of IANA - An Extended Timeline with Citations and Commentary},
author={Snyder, Joel; Konstantinos, Komaitis; Robachevsky, Andrei },
year = {(2016)},
howpublished = "\url{https://www.internetsociety.org/ianatimeline/}"
}

@misc{iana_stewardship_15092016,
title = {IANA Functions Stewardship Transition},
author={},
year = {2016},
howpublished = "\url{https://icannwiki.org/IANA_Functions_Stewardship_Transition}"
}

@misc{iana_contracts_10102016,
title = {IANA Contracts},
author={},
year = {2016},
howpublished = "\url{https://icannwiki.org/Internet_Assigned_Numbers_Authority#IANA_Contract}"
}


@misc{iana_root_servers_list,
title = {IANA root servers list},
author={},
year = {2019},
howpublished = "\url{https://www.iana.org/domains/root/servers}"
}

@misc{iana_root_servers_map,
title = {IANA root servers map},
author={},
year = {2019},
howpublished = "\url{http://root-servers.org/}"
}

@misc{iana_tld_managers,
title = {IANA TLD managers},
author={},
year = {2019},
howpublished = "\url{https://www.iana.org/domains/root/db}"
}

@misc{iana_snyder_09552016,
title = {The History of IANA - An Extended Timeline with Citations and Commentary},
author={Snyder, Joel; Konstantinos, Komaitis; Robachevsky, Andrei},
year = {2016},
howpublished = "\url{https://www.internetsociety.org/ianatimeline/}"
}

@misc{iana_stewardship_15092016,
title = {IANA Functions Stewardship Transition},
author={},
year = {2016},
howpublished = "\url{https://icannwiki.org/IANA_Functions_Stewardship_Transition}"
}

@misc{iana_contracts_10102016,
title = {IANA Contracts},
author={},
year = {2016},
howpublished = "\url{https://icannwiki.org/Internet_Assigned_Numbers_Authority#IANA_Contract}"
}

@misc{icann_stewardship_accounatbility,
title = {Stewardship Accountability},
author={},
year = {2019},
howpublished = "\url{https://www.icann.org/stewardship-accountability}"
}

@techreport{rfc7020,
  author = {R. Housley, J. Curran, G. Huston and D. Conrad},
  title = { The Internet Numbers Registry System},
  howpublished = {Internet Requests for Comments},
  type = {RFC},
  number = 7020,
  year = {2013},
  Amonth = {August},
  issn = {2070-1721},
  Apublisher = {RFC Editor},
  Ainstitution = {RFC Editor},
  url = {https://tools.ietf.org/html/rfc7020}
}


@misc{pti_07112016,
title = {Public Technical Identifiers},
author={},
year = {2016},
howpublished = "\url{https://icannwiki.org/Public_Technical_Identifiers}"
}


@techreport{rfc2181,
  author = {R. Elz, R. Bush},
  title = {Clarifications to the DNS Specification},
  howpublished = {Internet Requests for Comments},
  type = {RFC},
  number = 2181,
  year = {1997},
  Amonth = {July},
  issn = {},
  Apublisher = {RFC Editor},
  Ainstitution = {RFC Editor},
  url = {https://www.rfc-editor.org/info/rfc2181}
}

@misc{dns_spread_25032010,
title = {China's Great Firewall spreads overseas},
author={Robert McMillan},
year = {2010},
howpublished = "\url{https://www.computerworld.com/article/2516831/security0/china-s-great-firewall-spreads-overseas.html}"
}

@INPROCEEDINGS{Son2010DNS,
  author = {Son, Sooel and Shmatikov, Vitaly},
  title = {The Hitchhiker's Guide to DNS Cache Poisoning},
  booktitle = {SecureComm},
  year = {2010},
  editor = {Jajodia, Sushil and Zhou, Jianying},
  Apages = {466--483},
  Apublisher = {Springer},
  isbn = {978-3-642-16161-2}
}

@misc{Hao2018,
title = {Decentralized Cryptocurrency Exchange Security Analysis},
author={Parker Hao, Vincent Chang, Shao Lu and Chenxing Zhang},
year = {2018},
howpublished = "\url{https://courses.csail.mit.edu/6.857/2018/project/Hao-Chang-Lu-Zhang-CCExch.pdf}"
}

@misc{DexIndex2018,
title = {Decentralized Exchange Compendium Index Lists Over 200 Dex Platforms},
author={Jamie Redman},
year = {2018},
howpublished = "\url{https://news.bitcoin.com/decentralized-exchange-compendium-index-lists-over-200-dex-platforms/}"
}

@techreport{rfc1034,
  author = {P.V. Mockapetris},
  title = {Domain names - concepts and facilities},
  howpublished = {Internet Requests for Comments},
  type = {RFC},
  number = 1034,
  year = {1987},
  Amonth = {November},
  issn = {},
  Apublisher = {RFC Editor},
  Ainstitution = {RFC Editor},
}

@techreport{rfc1035,
  author = {P.V. Mockapetris},
  title = {Domain names - implementation and specification},
  howpublished = {Internet Requests for Comments},
  type = {RFC},
  number = 1035,
  year = {1987},
  Amonth = {November},
  issn = {},
  Apublisher = {RFC Editor},
  Ainstitution = {RFC Editor},
  url = {https://www.rfc-editor.org/info/rfc1035}
}

@techreport{rfc3833,
  author = {D. Atkins, R. Austein},
  title = {Threat Analysis of the Domain Name System (DNS)},
  howpublished = {Internet Requests for Comments},
  type = {RFC},
  number = 3833,
  year = {2004},
  Amonth = {August},
  issn = {},
  Apublisher = {RFC Editor},
  Ainstitution = {RFC Editor},
  url = {https://www.rfc-editor.org/info/rfc3833}
}

@techreport{Terry1984,
    Author = {Terry, Douglas B. and Painter, Mark and Riggle, David W. and Zhou, Songnian},
    Title = {The Berkeley Internet Name Domain Server},
    Ainstitution = {EECS Department, University of California, Berkeley},
    Year = {1984},
    Amonth = {May},
    URL = {http://www2.eecs.berkeley.edu/Pubs/TechRpts/1984/5957.html},
    Number = {UCB/CSD-84-182},   
}

@misc{Moore2004,
title = { (2004-05-23). "DNS server survey". },
author={Don Moore},
year = {2004},
howpublished = "\url{http://mydns.bboy.net/survey/}"
}

@MISC{Schuba93addressingweaknesses,
author = {Christoph L. Schuba},
title = {Addressing Weaknesses in the Domain Name System Protocol},
year = {1993},
howpublished = "\url{https://www.cerias.purdue.edu/assets/pdf/bibtex_archive/94-05.pdf}"
}

@MISC{CRDougherty2008,
author = {Chad R Dougherty.},
title = {Multiple DNS implementations vulnerable to cache poisoning },
year = {2014},
howpublished = "\url{https://www.kb.cert.org/vuls/id/800113/}"
}

@MISC{VSacramento2002,
author = {Vagner Sacramento},
title = {Vulnerability in the sending requests control of Bind versions 4 and 8 allows DNS spoofing},
year = {2002},
howpublished = "\url{http://memoria.rnp.br/cais/alertas/2002/cais-ALR-19112002a.html}"}
	
@techreport{DKaminsky2008,
    Author = {D.Kaminsky},
    Title = {Black ops 2008 - It's the end of the cache as we know it.},
    Year = {2008},
}

@MISC{CBaker2015,
author = {Chris Baker},
title = {Use of Bit 0x20 in DNS Labels},
year = {2015},
howpublished = "\url{https://dyn.com/blog/use-of-bit-0x20-in-dns-labels/}"}
	
@inproceedings{Dagon2008,
 author = {Dagon, David and Antonakakis, Manos and Vixie, Paul and Jinmei, Tatuya and Lee, Wenke},
 title = {Increased DNS Forgery Resistance Through 0x20-bit Encoding: Security via Leet Queries},
 booktitle = {ACM CCS},
 Aseries = {CCS '08},
 year = {2008},
 isbn = {978-1-59593-810-7},
 location = {Alexandria, Virginia, USA},
 Apages = {211--222},
 numpages = {12},
 url = {http://doi.acm.org/10.1145/1455770.1455798},
 doi = {10.1145/1455770.1455798},
 acmid = {1455798},
 Apublisher = {ACM},
 address = {New York, NY, USA},
 keywords = {DNS poisoning, DNS-0x20, computer security},
} 	

@MISC{JGHoy2008,
author = {Jesper G. Hoy},
title = {Anti DNS spoofing - Extended Query ID (XQID)},
year = {2008},
howpublished = "\url{http://www.jhsoft.com/dns-xqid.htm}"}
	
@inproceedings{RPerdisci2008,
 author = {R. Perdisci, M. Antonakakis, X. Luo and W. Lee},
 title = {WSEC DNS: Protecting Recursive DNS Resolvers from Poisoning Attacks (extended)},
 booktitle = {Technical Report},
 year = {2008, Updated on June 5, 2009},
} 	

@article{brown2016corda,
	title={Corda: an introduction},
	author={Brown, Richard Gendal and Carlyle, James and Grigg, Ian and Hearn, Mike},
	journal={R3 CEV, August},
	volume={1},
	number={15},
	pages={14},
	year={2016}
}

@inproceedings{king2006,
 author = {T. King},
 title = {Packet Sniffing in a Switched Environment},
 booktitle = {Sans Institute InfoSec Reading Room},
 year = {2006},
 } 	

@MISC{djbdns2001,
author = {	Daniel J. Bernstein},
title = {djbdns - Domain Name System Tools},
year = {2001},
howpublished = "\url{http://cr.yp.to/djbdns.html}"}

@MISC{Brauer2005,
author = {Henning Brauer},
title = {Life With djbdns},
year = {11 August, 2005},
howpublished = "\url{http://www.lifewithdjbdns.com/}"}

@misc{rfc4033,
  added-at = {2011-05-09T13:27:40.000+0200},
  author = {Arends, R. and Austein, R. and Larson, M. and Massey, D. and Rose, S.},
  biburl = {https://www.bibsonomy.org/bibtex/27bad875366de3406a0647a94af3e58e3/lysander07},
  howpublished = {RFC 4033},
  interhash = {a5a685720159f272eb112aa1cd069a3a},
  intrahash = {7bad875366de3406a0647a94af3e58e3},
  keywords = {dns security www02 wwwbook wwwkap9},
  Amonth = mar,
  number = 4033,
  Aorganization = {Internet Engineering Task Force},
  Apublisher = {IETF},
  Aseries = {Request for Comments},
  timestamp = {2011-05-09T13:27:40.000+0200},
  title = {{DNS Security Introduction and Requirements}},
  url = {http://www.ietf.org/rfc/rfc4033.txt},
  year = 2005
}

@misc{rfc4034,
  author = { R. Arends et al.},
  howpublished = {RFC 4034},
  Amonth = mar,
  number = 4034,
  Aorganization = {Internet Engineering Task Force},
  Apublisher = {IETF},
  Aseries = {Request for Comments},
  timestamp = {2011-05-09T13:27:40.000+0200},
  title = {{Resource Records for the DNS Security Extensions}},
  url = {http://www.ietf.org/rfc/rfc4034.txt},
  year = 2005
}

@article{Zhang2009,
author={Eric Osterweil and  Lixia Zhang},
title={Interadministrative  Challenges in   Managing DNSKEYs},
journal={Security and Privacy Magazine: Securing the Domain Name System},
year={2009},
Amonth={September},
comment={}}


@MISC{DNSSECRootKeys,
author = {ICANN's Office of the CTO},
title = {The Problem with "The Seven Keys"},
year = {13 Feb, 2017},
howpublished = "\url{https://www.icann.org/news/blog/the-problem-with-the-seven-keys}"}


@misc{crispin2001,
  author = {K. Crispin},
  howpublished = {IETF Draft},
  Aorganization = {Internet Engineering Task Force},
  Apublisher = {IETF},
  title = {{Alt-Roots, Alt-TLDs}},
  url = {https://tools.ietf.org/html/draft-crispin-alt-roots-tlds-00},
  year = 2001
}

@article{rfc2826,
  author    = {Internet Architecture Board},
  title     = {{IAB} Technical Comment on the Unique {DNS} Root},
  journal   = {{RFC}},
  volume    = {2826},
  Apages     = {1--6},
  year      = {2000},
  url       = {https://doi.org/10.17487/RFC2826},
  doi       = {10.17487/RFC2826},
  timestamp = {Wed, 14 Nov 2018 00:00:00 +0100},
  biburl    = {https://dblp.org/rec/bib/journals/rfc/rfc2826},
  bibsource = {dblp computer science bibliography, https://dblp.org}
}

@misc{opendns,
author = {},
title = {{DNS Security with DNSCrypt| OpenDNS}},
year = {2019},
howpublished = "\url{https://www.opendns.com/about/innovations/dnscrypt/}"
}

@misc{googledns,
author = {},
title = {{DNS-over-HTTPS| Public DNS | Google Developers}},
year = {2019},
howpublished = "\url{https://developers.google.com/speed/public-dns/docs/dns-over-https}"
}


@misc{effverizon,
author = {Peter Eckersley},
title = {EFF to Verizon: Etisalat Certificate Authority Threatens Web Security},
year = {2010},
howpublished = "\url{https://www.eff.org/deeplinks/2010/08/open-letter-verizon}"
}

@misc{httpssecurity,
author = {Peter Eckersley},
title = {How secure is HTTPS today? How often is it attacked?},
year = {2011},
howpublished = "\url{https://www.eff.org/deeplinks/2011/10/how-secure-https-today}"
}

@misc{zach2012,
author = {Bastick, Zach},
title = {"Our Internet and Freedom of Speech 'Hobbled by History': Introducing Plural Control Structures Needed to Redress a Decade of Linear Policy. European Journal of ePractice.},
organization = {European Commission: European Journal of ePractice.},
year = {2012},
howpublished = "\url{https://joinup.ec.europa.eu/sites/default/files/document/2014-06/ePractice%20Journal-Vol.15-Feb_Mar%202012.pdf}"
}

@misc{jamie2006,
author = {Redman, Jamie},
title = {Emercoin: 'Setting the New Standard for Top Blockchains' - Bitcoin News},
organization = {},
year = {13 January,2016},
howpublished = "\url{https://news.bitcoin.com/emercoin-setting-the-new-standard-for-top-blockchains/}"
}


@misc{namecoin,
author = {},
title = {Dot-Bit: Secure Decentralized DNS},
organization = {},
year = {2019},
howpublished = "\url{https://bit.namecoin.org/}"
}

@misc{bootstrapservers,
author = {},
title = {DNS Bootstrap servers: BitcoinStats},
organization = {},
year = {2019},
howpublished = "\url{http://bitcoinstats.com/network/dns-servers/}"
}

@misc{yolandaNT2017,
title = {Northern Trust, Unigestion and IBM team up for private equity blockchain},
author={Yolanda Bobeldijk},
year = {2017},
howpublished = "\url{https://www.fnlondon.com/articles/northern-trust-unigestion-and-ibm-team-up-for-private-equity-blockchain-20170222?mod=article_inline}"
}


@misc{andrew2018,
title = {Private Equity and Blockchain: New Infrastructure or New Asset Class?},
author={Andrew Moyle and Stuart Davis and David Walker},
year = {2018},
howpublished = "\url{https://corpgov.law.harvard.edu/2018/09/20/private-equity-and-blockchain-new-infrastructure-or-new-asset-class/}"
}


@misc{laura2017,
title = {The First Government To Secure Land Titles On The Bitcoin Blockchain Expands Project},
author={Laura Shin},
year = {2017},
howpublished = "\url{https://www.forbes.com/sites/laurashin/2017/02/07/the-first-government-to-secure-land-titles-on-the-bitcoin-blockchain-expands-project/#799a5b4b4dcd}"
}


@misc{yolandaPG2017,
title = {Partners Group picks blockchain amid distrust of banks},
author={Y Bobeldijk},
year = {2017},
howpublished = "\url{https://www.fnlondon.com/articles/private-markets-giant-trusts-blockchain-to-do-what-banks-cannot-20170906?mod=article_inline&mod=article_inline}"
}


@misc{eyob2018,
title = {Overview of blockchain for energy and commodity trading},
author={Ernst \& Young Report},
year = {2018},
howpublished = "\url{https://www.ey.com/Publication/vwLUAssets/ey-overview-of-blockchain-for-energy-and-commodity-trading/%24FILE/ey-overview-of-blockchain-for-energy-and-commodity-trading.pdf}"
}


@misc{deloitteaccounting2016,
title = {Blockchain Technology, A game-changer in accounting?},
author={Deloitte Report},
year = {2016},
howpublished = "\url{https://www.ey.com/Publication/vwLUAssets/ey-overview-of-blockchain-for-energy-and-commodity-trading/%24FILE/ey-overview-of-blockchain-for-energy-and-commodity-trading.pdf}"
}

@inproceedings{singh2006eclipse,
  title={Eclipse attacks on overlay networks: Threats and defenses},
  author={Singh, Atul and others},
  booktitle={In IEEE INFOCOM},
  year={2006},
  Aorganization={Citeseer}
}

@inproceedings{heilman2015eclipse,
  title={Eclipse Attacks on Bitcoin's Peer-to-Peer Network.},
  author={Heilman, Ethan and Kendler, Alison and Zohar, Aviv and Goldberg, Sharon},
  booktitle={USENIX Security},
  Apages={129--144},
  year={2015}
}

@article{marcus2018low,
  title={Low-Resource Eclipse Attacks on Ethereum's Peer-to-Peer Network.},
  author={Marcus, Yuval and Heilman, Ethan and Goldberg, Sharon},
  volume={2018},
  Apages={236},
  year={2018}
}

@inproceedings{apostolaki2017hijacking,
  title={Hijacking bitcoin: Routing attacks on cryptocurrencies},
  author={Apostolaki, Maria and Zohar, Aviv and Vanbever, Laurent},
  booktitle={IEEE SP},
  Apages={375--392},
  year={2017},
  Aorganization={IEEE}
}


@article{apostolaki2018sabre,
  title={{SABRE:} Protecting Bitcoin against Routing Attacks},
  author={Apostolaki, Maria and Marti, Gian and M{\"u}ller, Jan and Vanbever, Laurent},
  journal={arXiv preprint arXiv:1808.06254},
  year={2018}
}

@misc{bitcoinj,
author={{Bitcoinj team}},
title = {Bitcoinj Security Model},
year = {2019},
howpublished = "\url{https://bitcoinj.github.io/security-model}"
}

@misc{Heilman2015presentation,
title = {Eclipse Attacks on Bitcoin's Peer-to-peer Network: Video presentation},
author={Heilman, Ethan and Kendler, Alison },
year = {2019},
howpublished = "\url{https://www.usenix.org/node/190891}"
}


@inproceedings{nayak2016stubborn,
  title={Stubborn mining: Generalizing selfish mining and combining with an eclipse attack},
  author={Nayak, Kartik and Kumar, Srijan and Miller, Andrew and Shi, Elaine},
  booktitle={IEEE EuroSP},
  Apages={305--320},
  year={2016},
  Aorganization={IEEE}
}

@techreport{filecoin,
  title={Filecoin: A decentralized storage network},
  author={{Protocol Labs}},
  year={2017},
  Ainstitution={{Protocol Labs}}
}

@techreport{wust2016ethereum,
  title={Ethereum eclipse attacks},
  author={W{\"u}st, Karl and Gervais, Arthur},
  year={2016},
  Ainstitution={ETH Zurich}
}

@misc{bitcoingithubrepo01152019,
title = {Bitcoin Github Repository},
author = {Satoshi Nakamoto ; Bitcoin Core Developers},
year = {2019},
howpublished = "\url{https://github.com/bitcoin/bitcoin/blob/master/src/chainparams.cpp}"
}


@misc{mininghijack,
title = {Hacker makes {\$}84k hijacking Bitcoin mining pool },
author = {Tom Brewster},
year = {2019},
howpublished = "\url{https://www.theguardian.com/technology/2014/aug/07/hacker-bitcoin-mining-pool-internet-service-providers-canada-dell}"
}

@misc{hdddos,
title = {New {DoS} Vuln by Forcing Continuous Hard Disk Seek/Read Activity},
author = {Sergio Demian Lerner},
year = {2019},
howpublished = "\url{http://bit.ly/2KnCA6u}"
}


@misc{weaknessesdos,
title = {Weaknesses},
author = {BitcoinWiki},
year = {2018},
howpublished = "\url{https://en.bitcoin.it/wiki/Weaknesses#Denial_of_Service_.28DoS.29_attacks}"
}


@misc{onpremdos,
title = {Choosing the Right DDoS Solution (Part 1): On-Prem Appliance},
author = {Eyal Arazi},
year = {2018},
howpublished = "\url{https://blog.radware.com/security/2018/03/choosing-ddos-solution-on-prem-appliance/}"
}


@misc{mempoolflood,
title = {Transaction flooding},
author = {Bitcoin release notes},
year = {11 July 2015},
howpublished = "\url{https://github.com/bitcoin/bitcoin/blob/v0.11.0/doc/release-notes.md#transaction-flooding}"
}


@misc{clouddos1,
title = {Choosing the Right DDoS Solution (Part 2): On-Demand Cloud Service},
author = {Eyal Arazi},
year = {2018},
howpublished = "\url{https://blog.radware.com/security/2018/03/choosing-ddos-solutions-on-demand-cloud-service/}"
}


@misc{clouddos2,
title = {Choosing the Right DDoS Solution (Part 3): Always-On Cloud Service },
author = {Eyal Arazi},
year = {2018},
howpublished = "\url{https://securityboulevard.com/2018/04/choosing-the-right-ddos-solution-part-iii-always-on-cloud-service/}"
}

@misc{hybriddos,
title = {{Choosing the Right DDoS Solution (Part 4): Hybrid Protection}},
author = {Eyal Arazi},
year = {2018},
howpublished = "\url{http://bit.ly/2XoB8V9}"
}

@inproceedings{DuPont2015,
 author = {DuPont, Jules and Squicciarini, Anna Cinzia},
 title = {Toward De-Anonymizing Bitcoin by Mapping Users Location},
 booktitle = {ACM CODASPY},
 Aseries = {CODASPY '15},
 year = {2015},
 isbn = {978-1-4503-3191-3},
 location = {San Antonio, Texas, USA},
 Apages = {139--141},
 numpages = {3},
 url = {http://doi.acm.org/10.1145/2699026.2699128},
 doi = {10.1145/2699026.2699128},
 acmid = {2699128},
 Apublisher = {ACM},
 address = {New York, NY, USA},
 keywords = {bitcoin},
} 

@inproceedings{Meiklejohn2013,
 author = {Meiklejohn, Sarah and Pomarole, Marjori and Jordan, Grant and Levchenko, Kirill and McCoy, Damon and Voelker, Geoffrey M. and Savage, Stefan},
 title = {A Fistful of Bitcoins: Characterizing Payments Among Men with No Names},
 booktitle = {Conference on Internet Measurement Conference},
 Aseries = {IMC '13},
 year = {2013},
 isbn = {978-1-4503-1953-9},
 location = {Barcelona, Spain},
 Apages = {127--140},
 numpages = {14},
 url = {http://doi.acm.org/10.1145/2504730.2504747},
 doi = {10.1145/2504730.2504747},
 acmid = {2504747},
 Apublisher = {ACM},
 address = {New York, NY, USA},
 keywords = {anonymity, bitcoin, measurement},
} 

@InProceedings{Elli2013,
author="Androulaki, Elli and Karame, Ghassan O. and Roeschlin, Marc and Scherer, Tobias and Capkun, Srdjan",
editor="Sadeghi, Ahmad-Reza",
title="Evaluating User Privacy in Bitcoin",
booktitle="Financial Crypto",
year="2013",
Apublisher="Springer",
Apages="34--51",
abstract="Bitcoin is quickly emerging as a popular digital payment system. However, in spite of its reliance on pseudonyms, Bitcoin raises a number of privacy concerns due to the fact that all of the transactions that take place are publicly announced in the system.",
isbn="978-3-642-39884-1"
}

@inproceedings{Biryukov2014,
 author = {Biryukov, Alex and Khovratovich, Dmitry and Pustogarov, Ivan},
 title = {Deanonymisation of Clients in Bitcoin P2P Network},
 booktitle = {ACM CCS},
 Aseries = {CCS '14},
 year = {2014},
 isbn = {978-1-4503-2957-6},
 location = {Scottsdale, Arizona, USA},
 Apages = {15--29},
 numpages = {15},
 url = {http://doi.acm.org/10.1145/2660267.2660379},
 doi = {10.1145/2660267.2660379},
 acmid = {2660379},
 Apublisher = {ACM},
 address = {New York, NY, USA},
 keywords = {anonymity, bitcoin, p2p, tor},
} 

@inproceedings{ermilovPY17,
  author    = {Dmitry Ermilov and Maxim Panov and Yury Yanovich},
  title     = {Automatic Bitcoin Address Clustering},
  booktitle = {16th {IEEE} International Conference on Machine Learning and Applications,
               {ICMLA} 2017, Cancun, Mexico, December 18-21, 2017},
  Apages     = {461--466},
  year      = {2017}
}

@misc{chainalysis2015,
title = {Chainalysis CEO Denies Sybil Attack on Bitcoin Network},
author = {Grace Caffyn},
year = {2015},
howpublished = "\url{https://www.coindesk.com/chainalysis-ceo-denies-launching-sybil-attack-on-bitcoin-network}"
}

@misc{bitfury2018,
title = {BitFury Group De-Anonymizes Over 15\% of the Bitcoin Network With New Blockchain Analysis Tool},
author = {JP Buntinx},
year = {2018},
howpublished = "\url{https://themerkle.com/bitfury-group-de-anonymizes-over-15-of-the-bitcoin-network-with-new-blockchain-analysis-tool/}"
}


@techreport{doll2014,
  title={btctrackr : Finding and Displaying Clusters in Bitcoin},
  author={Aaron Doll, Shaheed Chagani, Michael Kranch and Vaidhyanath Murti},
  year={2014},
  Ainstitution={Princeton}
}

@article{BiryukovP14,
  author    = {Alex Biryukov and Ivan Pustogarov},
  title     = {Bitcoin over Tor isn't a good idea},
  journal   = {CoRR},
  volume    = {abs/1410.6079},
  year      = {2014},
  url       = {http://arxiv.org/abs/1410.6079},
  archivePrefix = {arXiv},
  eprint    = {1410.6079}
}

@InProceedings{transactiongraph2013,
author="Ron, Dorit and Shamir, Adi",
editor="Sadeghi, Ahmad-Reza",
title="Quantitative Analysis of the Full Bitcoin Transaction Graph",
booktitle="Financial Crypto",
year="2013",
Apublisher="Springer",
Apages="6--24",
abstract="The Bitcoin scheme is a rare example of a large scale global payment system in which all the transactions are publicly accessible (but in an anonymous way). We downloaded the full history of this scheme, and analyzed many statistical properties of its associated transaction graph. In this paper we answer for the first time a variety of interesting questions about the typical behavior of users, how they acquire and how they spend their bitcoins, the balance of bitcoins they keep in their accounts, and how they move bitcoins between their various accounts in order to better protect their privacy. In addition, we isolated all the large transactions in the system, and discovered that almost all of them are closely related to a single large transaction that took place in November 2010, even though the associated users apparently tried to hide this fact with many strange looking long chains and fork-merge structures in the transaction graph.",
isbn="978-3-642-39884-1"
}

@misc{berke2017,
title = {How Safe Are Blockchains? It Depends.},
author = {Allison Berke},
year = {2017},
howpublished = "\url{https://hbr.org/2017/03/how-safe-are-blockchains-it-depends}"
}



@techreport{deloittebcs,
  title={Blockchain and Cyber Security. Lets Discuss},
  author={Eric Piscini, David Dalton and Lory Kehoe},
  year={2017},
  Ainstitution={Deloitte EMEA Grid Blockchain Lab}
}



@misc{ccasb2017,
title = {Cloud Customer Architecture for Blockchain},
author={Cloud Standards Customer Council},
year = {2017},
howpublished = "\url{https://www.omg.org/cloud/deliverables/CSCC-Cloud-Customer-Architecture-for-Blockchain.pdf}"
}


@misc{jim2013,
title = {The New Threat: Targeted Internet Traffic Misdirection},
author={Jim Cowie},
year = {19 November 2013},
howpublished = "\url{https://dyn.com/blog/mitm-internet-hijacking/}"
}


@misc{andrei2014,
title = {Initial Routing Resilience Survey Results Show At Least 10% Of Incidents Are Real Threats},
author={Andrei Robachevsky},
year = {2014},
howpublished = "\url{https://www.internetsociety.org/blog/2014/03/initial-routing-resilience-survey-results-show-at-least-10-of-incidents-are-real-threats/}"
}



@misc{kelly2014,
title = {Traffic To Hosting Companies Hijacked In Crypto Currency Heist},
author={Kelly Jackson Higgins},
year = {14 August 2014},
howpublished = "\url{https://www.darkreading.com/cloud/traffic-to-hosting-companies-hijacked-in-crypto-currency-heist/d/d-id/1298053}"
}


@misc{doug2014,
title = {BGP / DNS Hijacks Target Payment Systems},
author={Doug Madory},
year = {03 August 2018},
howpublished = "\url{https://blogs.oracle.com/internetintelligence/bgp-dns-hijacks-target-payment-systems}"
}

@inproceedings{jonker2018,
 author = {Jonker, Mattijs and Pras, Aiko and Dainotti, Alberto and Sperotto, Anna},
 title = {A First Joint Look at DoS Attacks and BGP Blackholing in the Wild},
 booktitle = {Internet Measurement Conference 2018},
 Aseries = {IMC '18},
 year = {2018},
 isbn = {978-1-4503-5619-0},
 location = {Boston, MA, USA},
 Apages = {457--463},
 numpages = {7},
 url = {http://doi.acm.org/10.1145/3278532.3278571},
 doi = {10.1145/3278532.3278571},
 acmid = {3278571},
 Apublisher = {ACM},
 address = {New York, NY, USA},
 keywords = {BGP, Blackholing, DDoS Mitigation, Denial-of-Service},
} 


@misc{centex2019,
title = {Cryptocurrency Exchanges},
author={ListWiki},
year = {2019},
howpublished = "\url{https://list.wiki/Cryptocurrency_Exchanges}"
}

@misc{bind2019,
title = {{BIND} 9 Security Vulnerability Matrix},
author={ISC},
year = {2019},
howpublished = "\url{http://bit.ly/2Z1PiMj}"
}

@misc{bindversion09,
title = {BIND 9 Open Source DNS Server},
author={},
year = {2018},
howpublished = "\url{https://kb.isc.org/docs/aa-00913}"
}

@misc{dane15,
title = {The DNS-Based Authentication of Named Entities (DANE) Protocol: Updates and Operational Guidance, RFC 7671},
author={Dukhovni, V. and W. Hardaker},
year = {2015},
howpublished = "\url{https://www.rfc-editor.org/info/rfc7671}"
}

@misc{targerwiki,
title = {Target - Bitcoin Wiki},
author={},
year = {2019},
howpublished = "\url{https://en.bitcoin.it/wiki/Target}"
}

@misc{cve01817144,
title = {CVE-2018-17144 Full Disclosure},
author={BitcoinCore},
year = {2018},
howpublished = "\url{https://bitcoincore.org/en/2018/09/20/notice/}"
}

@techreport{yaga2018blockchain,
  title={Blockchain technology overview},
  author={Yaga, Dylan and Mell, Peter and Roby, Nik and Scarfone, Karen},
  year={2018},
  Ainstitution={National Institute of Standards and Technology}
}

@article{eskandari2019sok,
  title={SoK: Transparent Dishonesty: front-running attacks on Blockchain},
  author={Eskandari, Shayan and Moosavi, Seyedehmahsa and Clark, Jeremy},
  year={2019}
}

@article{yang2016survey,
  title={Survey of confidentiality and privacy preserving technologies for blockchains},
  author={Yang, Danny and Gavigan, Jack and Wilcox-O’Hearn, Zooko},
  journal={R3 Technical Paper},
  year={2016}
}

@article{fleder2015bitcoin,
  title={Bitcoin transaction graph analysis},
  author={Fleder, Michael and Kester, Michael S and Pillai, Sudeep},
  year={2015}
}

@article{ober2013structure,
  title={Structure and anonymity of the bitcoin transaction graph},
  author={Ober, Micha and Katzenbeisser, Stefan and Hamacher, Kay},
  journal={Future internet},
  volume={5},
  number={2},
  Apages={237--250},
  year={2013},
  Apublisher={Multidisciplinary Digital Publishing Institute}
}

@phdthesis{pustogarov2015deanonymisation,
  title={Deanonymisation techniques for Tor and Bitcoin},
  author={Pustogarov, Ivan},
  year={2015},
  school={University of Luxembourg}
}

@inproceedings{biryukov2014deanonymisation,
  title={Deanonymisation of clients in Bitcoin P2P network},
  author={Biryukov, Alex and Khovratovich, Dmitry and Pustogarov, Ivan},
  booktitle={ACM CCS},
  Apages={15--29},
  year={2014},
  Aorganization={ACM}
}

@inproceedings{fanti2017deanonymization,
  title={Deanonymization in the bitcoin p2p network},
  author={Fanti, Giulia and Viswanath, Pramod},
  booktitle={Advances in Neural Information Processing Systems},
  Apages={1364--1373},
  year={2017}
}

@inproceedings{mastan2017new,
  title={A new approach to deanonymization of unreachable bitcoin nodes},
  author={Mastan, Indra Deep and Paul, Souradyuti},
  booktitle={International Conference on Cryptology and Network Security},
  Apages={277--298},
  year={2017},
  Aorganization={Springer}
}

@inproceedings{kappos2018empirical,
  title={An empirical analysis of anonymity in zcash},
  author={Kappos, George and Yousaf, Haaroon and Maller, Mary and Meiklejohn, Sarah},
  booktitle={USENIX Security},
  Apages={463--477},
  year={2018}
}

@article{moser2018empirical,
  title={An empirical analysis of traceability in the monero blockchain},
  author={M{\"o}ser, Malte and Soska, Kyle and Heilman, Ethan and Lee, Kevin and Heffan, Henry and Srivastava, Shashvat and Hogan, Kyle and Hennessey, Jason and Miller, Andrew and Narayanan, Arvind and others},
  journal={PETS},
  volume={2018},
  number={3},
  Apages={143--163},
  year={2018},
  Apublisher={De Gruyter Open}
}

@article{finck2018blockchains,
  title={Blockchains and data protection in the european union},
  author={Finck, Mich{\`e}le},
  journal={Eur. Data Prot. L. Rev.},
  volume={4},
  Apages={17},
  year={2018},
  Apublisher={HeinOnline}
}

@article{noether2015ring,
  title={Ring SIgnature Confidential Transactions for {Monero}.},
  author={Noether, Shen},
  journal={IACR Cryptology ePrint Archive},
  volume={2015},
  pages={1098},
  year={2015}
}

@inproceedings{maxwell2013coinjoin,
  title={CoinJoin: Bitcoin privacy for the real world},
  author={Maxwell, Gregory},
  booktitle={Post on Bitcoin forum},
  year={2013}
}

@inproceedings{ruffing2014coinshuffle,
  title={Coinshuffle: Practical decentralized coin mixing for bitcoin},
  author={Ruffing, Tim and Moreno-Sanchez, Pedro and Kate, Aniket},
  booktitle={ESORICS},
  Apages={345--364},
  year={2014},
  Aorganization={Springer}
}


@misc{chase2018permissioned,
	title={{A permissioned implementation of Ethereum}},
	author={{JP Morgan Chase}},
	 year={2018},
	howpublished="\url{https://github.com/ConsenSys/quorum}"
}

@misc{cbdctracker,
	title={{Central Bank Digital Currency Tracker}},
	author={{Atlantic Council}},
   Apublisher={Accessed 2023-02-02},
	howpublished="\url{https://www.atlanticcouncil.org/cbdctracker/}"
}

@misc{federalreserve,
	title={{Central Bank Digital Currency}},
	author={{US Federal Reserve}},
	 Apublisher={Accessed 2023-02-02},
	howpublished="\url{https://www.federalreserve.gov/central-bank-digital-currency.htm}"
}

@misc{deass_cbdc,
	title={{Central Bank Digital Currency}},
	author={{Digital Euro Association}},
	 Apublisher={Accessed 2023-02-02},
	howpublished="\url{https://home.digital-euro-association.de/cbdc/en}"
}



@ARTICLE{Catalini2022117,
author={Catalini, C. and De Gortari, A. and Shah, N.},
title={Some Simple Economics of Stablecoins},
year={2022},
volume={14},
pages={117-135},
source={Scopus},
}

@ARTICLE{Alwago2022553,
author={Alwago, W.O.},
title={Is the Renminbi a Global Currency in the Making? Globalization of Digital yuan},
year={2022},
volume={67},
number={4},
pages={553-566},
source={Scopus},
}

@ARTICLE{Koziuk202112,
author={Koziuk, V.},
title={Confidence in digital money: Are central banks more trusted than age is matter?},
year={2021},
volume={18},
number={1},
pages={12-32},
source={Scopus},
}

@ARTICLE{Sebastiao2021305,
author={Sebastião, H.M.C.V. and da Cunha, P.J.O.R. and Godinho, P.M.C.},
title={Cryptocurrencies and blockchain. Overview and future perspectives},
year={2021},
volume={21},
number={3},
pages={305-342},
source={Scopus},
}


@misc{hyperledger-github,
	title={{Hyperledger}},
	author={{Hyperledger Foundation}},
	year={2022},
	howpublished="\url{https://github.com/hyperledger}"
}



@article{perevsini2025featherwallet,
	title={FeatherWallet: A Lightweight Mobile Cryptocurrency Wallet Using zk-SNARKs},
	author={Pere{\v{s}}{\'\i}ni, Martin and Homoliak, Ivan and Olek{\v{s}}{\'a}k, Samuel and Sl{\'a}vka, Samuel},
	journal={arXiv preprint arXiv:2503.22717},
	year={2025}
}



@inproceedings{heilman2016blindly,
  title={Blindly signed contracts: Anonymous on-blockchain and off-blockchain bitcoin transactions},
  author={Heilman, Ethan and Baldimtsi, Foteini and Goldberg, Sharon},
  booktitle={FC},
  Apages={43--60},
  year={2016},
  Aorganization={Springer}
}

@article{liu2018unlinkable,
  title={Unlinkable coin mixing scheme for transaction privacy enhancement of Bitcoin},
  author={Liu, Yi and Liu, Xingtong and Tang, Chaojing and Wang, Jian and Zhang, Lei},
  journal={IEEE Access},
  volume={6},
  Apages={23261--23270},
  year={2018},
  Apublisher={IEEE}
}

@inproceedings{sasson2014zerocash,
  title={Zerocash: Decentralized anonymous payments from bitcoin},
  author={Sasson, Eli Ben and Chiesa, Alessandro and Garman, Christina and Green, Matthew and Miers, Ian and Tromer, Eran and Virza, Madars},
  booktitle={IEEE SP},
  Apages={459--474},
  year={2014},
  Aorganization={IEEE}
}

@article{espel2017proposal,
  title={Proposal for Protocol on a Quorum Blockchain with Zero Knowledge.},
  author={Espel, Thomas and Katz, Laurent and Robin, Guillaume},
  volume={2017},
  Apages={1093},
  year={2017}
}

@inproceedings{benhamouda2018supporting,
  title={Supporting private data on Hyperledger Fabric with secure multiparty computation},
  author={Benhamouda, Fabrice and Halevi, Shai and Halevi, Tzipora},
  booktitle={2018 IEEE International Conference on Cloud Engineering (IC2E)},
  Apages={357--363},
  year={2018},
  Aorganization={IEEE}
}

@article{simari2002primer,
  title={A primer on zero knowledge protocols},
  author={Simari, Gerardo I},
  journal={Universidad Nacional del Sur},
  volume={6},
  number={27},
  Apages={1--12},
  year={2002},
  Apublisher={Citeseer}
}

@article{zyskind2015enigma,
  title={Enigma: Decentralized computation platform with guaranteed privacy},
  author={Zyskind, Guy and Nathan, Oz and Pentland, Alex},
  year={2015}
}

@inproceedings{atzei2017survey,
  title={{A survey of attacks on ethereum smart contracts (SoK)}},
  author={Atzei, Nicola and Bartoletti, Massimo and Cimoli, Tiziana},
  booktitle={POST},
  Apages={164--186},
  year={2017},
  Aorganization={Springer}
}

@inproceedings{luu2016making,
  title={Making smart contracts smarter},
  author={Luu, Loi and Chu, Duc-Hiep and Olickel, Hrishi and Saxena, Prateek and Hobor, Aquinas},
  booktitle={ACM CCS},
  Apages={254--269},
  year={2016},
  Aorganization={ACM}
}

@inproceedings{sergey2017concurrent,
  title={A concurrent perspective on smart contracts},
  author={Sergey, Ilya and Hobor, Aquinas},
  booktitle={Financial Crypto},
  Apages={478--493},
  year={2017},
  Aorganization={Springer}
}

@article{malinova2016market,
  title={Market design for trading with blockchain technology},
  author={Malinova, Katya and Park, Andreas},
  journal={Available at SSRN},
  year={2016}
}

@article{bentov2017tesseract,
  title={Tesseract: Real-Time Cryptocurrency Exchange using Trusted Hardware.},
  author={Bentov, Iddo and Ji, Yan and Zhang, Fan and Li, Yunqi and Zhao, Xueyuan and Breidenbach, Lorenz and Daian, Philip and Juels, Ari},
  volume={2017},
  Apages={1153},
  year={2017}
}

@mastersthesis{dika2017ethereum,
  title={Ethereum Smart Contracts: Security Vulnerabilities and Security Tools},
  author={Dika, Ardit},
  year={2017},
  school={NTNU}
}

@misc{SoliditySecurityList,
    title= {Solidity Security: Comprehensive list of known attack vectors and common anti-patterns},
    author={Manning,A},
    year={2018},
    howpublished="\url{https://blog.sigmaprime.io/solidity-security.html}"
}

@misc{SmartContractSecurity,
title = {Smart Contract Weakness Classification Registry},
author = {SmartContractSecurity},
year = {2019},
howpublished = "\url{https://github.com/SmartContractSecurity/SWC-registry/}"
}

@misc{trailofbits,
title = {Awesome Ethereum Security},
author = {trailofbits},
year = {11 Aug 2018},
howpublished = "\url{https://github.com/trailofbits/awesome-ethereum-security}"
}

@misc{remix,
title = {Remix Documentation Release 1},
author = {yann300},
year = {26 Nov 2018},
howpublished = "\url{https://media.readthedocs.org/pdf/remix/latest/remix.pdf}"
}

@inproceedings{tikhomirov2018smartcheck,
  title={Smartcheck: Static analysis of ethereum smart contracts},
  author={Tikhomirov, Sergei and Voskresenskaya, Ekaterina and Ivanitskiy, Ivan and Takhaviev, Ramil and Marchenko, Evgeny and Alexandrov, Yaroslav},
  booktitle={WETSEB},
  Apages={9--16},
  year={2018},
  Aorganization={IEEE}
}

@misc{solhint,
title = {Solhint Project},
author = {Protofire},
year = {2017},
howpublished = "\url{https://github.com/protofire/solhint}"
}

@misc{solium,
title = {Solium Documentation Release 1.0.0},
author = {Dua, R},
year = {11 Feb 2019},
howpublished = "\url{https://media.readthedocs.org/pdf/solium/latest/solium.pdf}"
}

@inproceedings{jiang2018contractfuzzer,
  title={Contractfuzzer: Fuzzing smart contracts for vulnerability detection},
  author={Jiang, Bo and Liu, Ye and Chan, WK},
  booktitle={ASE},
  Apages={259--269},
  year={2018},
  Aorganization={ACM}
}

@techreport{hildenbrandt2017kevm,
  title={Kevm: A complete semantics of the ethereum virtual machine},
  author={Hildenbrandt, Everett and Saxena, Manasvi and Zhu, Xiaoran and Rodrigues, Nishant and Daian, Philip and Guth, Dwight and Rosu, Grigore},
  year={2017}
}

@misc{manticore,
title = {Manticore Documentation Release 0.1.0},
author = {Trail of Bits},
year = {2019},
howpublished = "\url{https://media.readthedocs.org/pdf/manticore/latest/manticore.pdf}"
}

@misc{mythril-classic,
title = {Mythril Classic},
author = {Berhnard Mueller},
year = {2017},
howpublished = "\url{https://github.com/ConsenSys/mythril-classic}"
}

@inproceedings{tsankov2018securify,
  title={Securify: Practical security analysis of smart contracts},
  author={Tsankov, Petar and Dan, Andrei and Drachsler-Cohen, Dana and Gervais, Arthur and Buenzli, Florian and Vechev, Martin},
  booktitle={ACM CCS},
  Apages={67--82},
  year={2018},
  Aorganization={ACM}
}

@misc{slither,
title = {Slither, the Solidity source analyzer},
author = {crytic},
year = {2018},
howpublished = "\url{https://github.com/crytic/slither}"
}

@inproceedings{wohrer2018smart,
  title={Smart contracts: Security patterns in the ethereum ecosystem and solidity},
  author={Wohrer, Maximilian and Zdun, Uwe},
  booktitle={IWBOSE},
  Apages={2--8},
  year={2018},
  Aorganization={IEEE}
}

@inproceedings{zhou2018erays,
  title={Erays: reverse engineering ethereum's opaque smart contracts},
  author={Zhou, Yi and Kumar, Deepak and Bakshi, Surya and Mason, Joshua and Miller, Andrew and Bailey, Michael},
  booktitle={USENIX Security},
  Apages={1371--1385},
  year={2018}
}

@article{suiche2017porosity,
  title={Porosity: A decompiler for blockchain-based smart contracts bytecode},
  author={Suiche, Matt},
  journal={DEF CON},
  volume={25},
  year={2017}
}
@inproceedings{nikolic2018finding,
  title={Finding the greedy, prodigal, and suicidal contracts at scale},
  author={Nikoli{\'c}, Ivica and Kolluri, Aashish and Sergey, Ilya and Saxena, Prateek and Hobor, Aquinas},
  booktitle={ACM ACSAC},
  Apages={653--663},
  year={2018},
  Aorganization={ACM}
}
@inproceedings{krupp2018teether,
  title={teether: Gnawing at ethereum to automatically exploit smart contracts},
  author={Krupp, Johannes and Rossow, Christian},
  booktitle={USENIX Security},
  Apages={1317--1333},
  year={2018}
}
@article{cook2017dappguard,
  title={Dappguard: Active monitoring and defense for solidity smart contracts},
  author={Cook, Thomas and Latham, Alex and Lee, Jae Hyung},
  journal={Retrieved July},
  volume={18},
  Apages={2018},
  year={2017}
}
@inproceedings{grishchenko2018foundations,
  title={Foundations and tools for the static analysis of ethereum smart contracts},
  author={Grishchenko, Ilya and Maffei, Matteo and Schneidewind, Clara},
  booktitle={International Conference on Computer Aided Verification},
  Apages={51--78},
  year={2018},
  Aorganization={Springer}
}
chainsecurity
quanstamp
@inproceedings{breindenbach2018enter,
  title={Enter the hydra: Towards principled bug bounties and exploit-resistant smart contracts},
  author={Breindenbach, Lorenz and Daian, Phil and Tram{\`e}r, Florian and Juels, Ari},
  booktitle={USENIX Security},
  Apages={1335--1352},
  year={2018}
}

@misc{DAO,
title = {The History of the DAO and Lessons Learned},
author = {Jentzsch, C},
year = {2016},
howpublished = "\url{https://blog.slock.it/the-history-of-the-dao-and-lessons-learned-d06740f8cfa5/}"
}

@misc{batchoverflow,
title = {BatchOverflow Exploit Creates Trillions of Ethereum Tokens, Major Exchanges Halt ERC20 Deposits},
author = {Town,S},
year = {2018},
howpublished = "\url{https://cryptoslate.com/batchoverflow-exploit-creates-trillions-of-ethereum-tokens/}"
}

@misc{Spankchain,
title = {We Got Spanked: What We Know So Far},
author = {SpankChain},
year = {2018},
howpublished = "\url{https://medium.com/spankchain/we-got-spanked-what-we-know-so-far-d5ed3a0f38fe/}"
}

@misc{SCbestpractices,
title = {Ethereum Smart Contract Best Practices},
author = {Consensys},
year = {2016},
howpublished = "\url{https://consensys.github.io/smart-contract-best-practices/general_philosophy/}"
}

@misc{Solidity,
title = {Solidity},
author = {{Ethereum team}},
howpublished = "\url{https://solidity.readthedocs.io/en/v0.5.4/index.html#}"
}

@misc{serpent,
  title={{Serpent}},
  author={{Etherum team}},
  url={\url{https://github.com/ethereum/wiki/wiki/Serpent-%5BDEPRECATED%5D}},
  year={2017}
}

@misc{vyper,
  title={{Vyper}},
  author={Vitalik Buterin},
  url={\url{https://vyper.readthedocs.io/en/v0.1.0-beta.9/}},
  year={2017}
}

@misc{popejoy2016pact,
  title={{The Pact smart contract language}},
  author={Popejoy, Stuart},
  url={\url{http://kadena.io/docs/Kadena-PactWhitepaper.pdf}},
  year={2016}
}

@misc{PactChecking,
title = {The Pact property checking system},
author = {Popejoy, Stuart and Martino, Will},
year = {2016},
howpublished = "\url{https://github.com/kadena-io/pact/blob/ac759c0882d97b60473cfbb5853b1c25259e1213/docs/pact-properties.md}"
}

@misc{serpentAudit,
    title = {Serpent Compiler Audit},
    author = {{Zeppelin Sollutions}},
    year = {2017},
    howpublished = "\url{bit.ly/2MrHQbX}"
}



@misc{pactdocs,
title = {Pact Language Reference},
author = {Kadena LLC},
year = {2016},
howpublished = "\url{https://pact-language.readthedocs.io/en/latest/index.html}"
}

@inproceedings{de2008z3,
  title={Z3: An efficient SMT solver},
  author={De Moura, Leonardo and Bj{\o}rner, Nikolaj},
  booktitle={International conference on Tools and Algorithms for the Construction and Analysis of Systems},
  Apages={337--340},
  year={2008},
  Aorganization={Springer}
}

@inproceedings{parizi2018empirical,
  title={Empirical vulnerability analysis of automated smart contracts security testing on blockchains},
  author={Parizi, Reza M and Dehghantanha, Ali and Choo, Kim-Kwang Raymond and Singh, Amritraj},
  booktitle={CASCON},
  Apages={103--113},
  year={2018},
  Aorganization={IBM Corp.}
}

@inproceedings{parizi2018smart,
  title={Smart Contract Programming Languages on Blockchains: An Empirical Evaluation of Usability and Security},
  author={Parizi, Reza M and Dehghantanha, Ali and others},
  booktitle={International Conference on Blockchain},
  Apages={75--91},
  year={2018},
  Aorganization={Springer}
}

@article{sergey2018scilla,
  title={Scilla: a smart contract intermediate-level language},
  author={Sergey, Ilya and Kumar, Amrit and Hobor, Aquinas},
  year={2018}
}

@article{amritkumar,
  title={scilla-doc Documentation},
  author={Kumar, Amrit},
  year={08 Feb 2018}
}

@article{barras1999coq,
  title={The Coq proof assistant reference manual},
  author={Barras, Bruno and Boutin, Samuel and Cornes, Cristina and Courant, Judica{\"e}l and Coscoy, Yann and Delahaye, David and de Rauglaudre, Daniel and Filli{\^a}tre, Jean-Christophe and Gim{\'e}nez, Eduardo and Herbelin, Hugo and others},
  journal={INRIA, version},
  volume={6},
  number={11},
  year={1999}
}

@article{peterson2015augur,
  title={Augur: a decentralized, open-source platform for prediction markets},
  author={Peterson, Jack and Krug, Joseph},
  year={2015}
}

@article{team2017gnosis,
  title={Gnosis-Whitepaper},
  author={{Gnosis Team}},
  journal={URL: https://gnosis. pm/resources/default/pdf/gnosis\_whitepaper. pdf},
  year={2017}
}

@article{guarnizo2018pdfs,
  title={{PDFS:} Practical Data Feed Service for Smart Contracts},
  author={Guarnizo, Juan and Szalachowski, Pawel},
  journal={arXiv preprint arXiv:1808.06641},
  year={2018}
}

@article{ellisdecentralized,
  title={ChainLink: A Decentralized Oracle Network},
  author={Ellis, Steve  and Juels, Ari and Nazarov, Sergey },
}

@article{de2017witnet,
  title={Witnet: A Decentralized Oracle Network Protocol},
  author={de Pedro, Ad{\'a}n S{\'a}nchez and Levi, Daniele and Cuende, Luis Iv{\'a}n},
  year={2017}
}

@inproceedings{zhang2016town,
  title={Town crier: An authenticated data feed for smart contracts},
  author={Zhang, Fan and Cecchetti, Ethan and Croman, Kyle and Juels, Ari and Shi, Elaine},
  booktitle={ACM CCS},
  Apages={270--282},
  year={2016},
  Aorganization={ACM}
}

@misc{oraclize,
title = {Oraclize Documentation},
author = {{Concur Technologies, Inc}},
year = {2008},
howpublished = "\url{http://bit.ly/2wAR3UK}"
}

@article{costan2016intel,
  title={Intel SGX Explained.},
  author={Costan, Victor and Devadas, Srinivas},
  volume={2016},
  number={086},
  Apages={1--118},
  year={2016}
}

@article{lundkvist2017uport,
  title={Uport: A platform for self-sovereign identity},
  author={Lundkvist, Christian and Heck, Rouven and Torstensson, Joel and Mitton, Zac and Sena, Michael},
  journal={URL: https://whitepaper. uport. me/uPort\_ whitepaper\_DRAFT20170221. pdf},
  year={2017}
}

@misc{metamask,
title = {MetaMask Developer Documentation},
author = {MetaMask},
year = {2018},
howpublished = "\url{https://metamask.github.io/metamask-docs/}"
}

@misc{infura,
title = {Infura},
author = {Consensys, AG},
year = {2019},
howpublished = "\url{https://infura.io/docs}"
}

@article{benet2014ipfs,
  title={Ipfs-content addressed, versioned, p2p file system},
  author={Benet, Juan},
  year={2014}
}

@article{wilkinson2014storj,
  title={Storj a peer-to-peer cloud storage network},
  author={Wilkinson, Shawn and Boshevski, Tome and Brandoff, Josh and Buterin, Vitalik},
  year={2014},
  Apublisher={Citeseer}
}

@article{swarm,
  title={Swarm Documentation},
  author={Ethersphere},
  year={2018},
  howpublished = "\url{https://swarm-guide.readthedocs.io/en/latest/}"
}

@misc{BCPframework,
  title={Conceptual Framework for Legal and Risk Assessment of Crypto Tokens},
  author={MME},
  year={2018},
  howpublished="\url{http://bit.ly/2WlLed2}"
}

@misc{Geth,
title = {How to reduce the chances of your Ethereum wallet getting hacked?},
author = {eth},
year = {2016},
howpublished = "\url{https://ethereum.stackexchange.com/questions/3887/how-to-reduce-the-chances-of-your-ethereum-wallet-getting-hacked}"
}

@misc{Parity1,
title = {The Pact property checking system},
author = {Parity Technologies},
year = {2017},
howpublished = "\url{https://www.parity.io/the-multi-sig-hack-a-postmortem/}"
}

@misc{Parity2,
title = {The Pact property checking system},
author = {Parity Technologies},
year = {2017},
howpublished = "\url{https://www.parity.io/a-postmortem-on-the-parity-multi-sig-library-self-destruct/}"
}


@misc{ERC20issues,
title = {ERC20 token standard vulnerability classification},
author = {Dexaran},
year = {12 February 2018},
howpublished = "\url{https://gist.github.com/Dexaran/ddb3e89fe64bf2e06ed15fbd5679bd20}"
}

@inproceedings{douceur2002sybil,
  title={The sybil attack},
  author={Douceur, John R},
  booktitle={IPTPS},
  Apages={251--260},
  year={2002},
  Aorganization={Springer}
}


@misc{ethereum-white-paper,
  title={{A Next-Generation Smart Contract and Decentralized Application Platform}},
  author={{Ethereum team}},
  howpublished = {\url{https://github.com/ethereum/wiki/wiki/White-Paper\#modified-ghost-implementation}},
  year={2018}
}

@inproceedings{Dziembowski_proofsof,
    author = {Stefan Dziembowski and Sebastian Faust and Vladimir Kolmogorov and Krzysztof Pietrzak},
    title = {Proofs of Space},
    booktitle = {CRYPTO'15},
    year = {2015},
    Apages = {585–605}
}

@techreport{spacecoin,
  author={Park, Sunoo and Pietrzak, Krzysztof and Alwen, Jo{\"e}l and Fuchsbauer, Georg and Gazi, Peter},
  title = {Spacecoin: A cryptocurrency based on proofs of space.},
  year = {2015}
}

@techreport{slimcoin,
  author = {P4Titan},
  title = {{Slimcoin: A peer-to-peer crypto-currency with proof-of-burn}},
  year = {2014},
  Amonth = {May},
  howpublished="\url{https://github.com/slimcoin-project/slimcoin-project.github.io/blob/master/whitepaperSLM.pdf}"
}

@inproceedings{2019-pow-evaluation,
  title={Lay Down the Common Metrics: Evaluating Proof-of-Work Consensus Protocols' Security.},
  author={Zhang, Ren and Preneel, Bart},
  booktitle={IEEE S\&P},
  year={2019},
  Aorganization={IEEE}
}


@misc{feather-forks,
  title={{Feather-forks}},
  author={A. Miller},
  howpublished = {\url{http://bit.ly/2JVqsKG}},
  year={2013}
}

@inproceedings{ZamaniM018-rapidchain,
  author    = {Mahdi Zamani and Mahnush Movahedi and Mariana Raykova},
  title     = {RapidChain: Scaling Blockchain via Full Sharding},
  booktitle = {ACM CCS},
  Apages     = {931--948},
  year      = {2018},
  url       = {https://doi.org/10.1145/3243734.3243853},
  doi       = {10.1145/3243734.3243853},
  timestamp = {Wed, 21 Nov 2018 12:44:06 +0100},
  biburl    = {https://dblp.org/rec/bib/conf/ccs/ZamaniM018},
  bibsource = {dblp computer science bibliography, https://dblp.org}
}

@inproceedings{Kokoris-KogiasJ18-omniledger,
  author    = {Eleftherios Kokoris{-}Kogias and Philipp Jovanovic and Linus Gasser and Nicolas Gailly and Ewa Syta and Bryan Ford},
  title     = {OmniLedger: {A} Secure, Scale-Out, Decentralized Ledger via Sharding},
  booktitle = {{IEEE} {S\&P}},
  Apages     = {583--598},
  year      = {2018},
  url       = {https://doi.org/10.1109/SP.2018.000-5},
  doi       = {10.1109/SP.2018.000-5}
}

@article{schwartz2014ripple,
  title={The ripple protocol consensus algorithm},
  author={Schwartz, David and Youngs, Noah and Britto, Arthur and others},
  journal={Ripple Labs Inc White Paper},
  volume={5},
  year={2014}
}

@misc{martino2016kadena,
  title={Kadena: The first scalable, high performance private blockchain},
  author={Martino, Will},
  year={2016}
}

@inproceedings{duan2014bchain,
  title={BChain: Byzantine replication with high throughput and embedded reconfiguration},
  author={Duan, Sisi and Meling, Hein and Peisert, Sean and Zhang, Haibin},
  booktitle={OPODIS},
  Apages={91--106},
  year={2014},
  Aorganization={Springer}
}


@inproceedings{miller2016honey,
  title={The honeybadger of BFT protocols},
  author={Miller, Andrew and Xia, Yu and Croman, Kyle and Shi, Elaine and Song, Dawn},
  booktitle={ACM CCS},
  Apages={31--42},
  year={2016},
  Aorganization={ACM}
}

@inproceedings{cachin2002sintra,
  title={Secure intrusion-tolerant replication on the Internet},
  author={Cachin, Christian and Poritz, Jonathan A},
  booktitle={DSN},
  Apages={167--176},
  year={2002},
  Aorganization={IEEE}
}

@inproceedings{oki1988viewstamped,
  title={Viewstamped replication: A new primary copy method to support highly-available distributed systems},
  author={Oki, Brian M and Liskov, Barbara H},
  booktitle={ACM Symposium on Principles of distributed computing},
  Apages={8--17},
  year={1988},
  Aorganization={ACM}
}

@inproceedings{ongaro2014search,
  title={In search of an understandable consensus algorithm},
  author={Ongaro, Diego and Ousterhout, John},
  booktitle={USENIX ATC},
  Apages={305--319},
  year={2014}
}

@article{kiayias2018ouroboros,
  title={Ouroboros-BFT: A Simple Byzantine Fault Tolerant Consensus Protocol},
  author={Kiayias, Aggelos and Russell, Alexander},
  year={2018}
}

@inproceedings{bessani2014state,
  title={{State Machine Replication for the Masses with BFT-SMART}},
  author={Bessani, Alysson and Sousa, Joao and Alchieri, Eduardo EP},
  booktitle={IEEE/IFIP DSN},
  Apages={355--362},
  year={2014},
  Aorganization={IEEE}
}

@inproceedings{eyal2016bitcoinNG,
  title={Bitcoin-ng: A scalable blockchain protocol},
  author={Eyal, Ittay and Gencer, Adem Efe and Sirer, Emin G{\"u}n and Van Renesse, Robbert},
  booktitle={USENIX NSDI},
  Apages={45--59},
  year={2016}
}

@article{sompolinsky2013GHOST,
  title={Accelerating bitcoin’s transaction processing},
  author={Sompolinsky, Yonatan and Zohar, Aviv},
  journal={Fast money grows on trees, not chains},
  year={2013},
  Apublisher={Citeseer}
}


@mastersthesis{honsi2017spacemint,
  title={{SpaceMint: A Cryptocurrency Based on Proofs of Space}},
  author={H{\o}nsi, Trond},
  year={2017},
  school={NTNU}
}


@article{xiao2013cloud,
  title={Security and privacy in cloud computing},
  author={Xiao, Zhifeng and Xiao, Yang},
  journal={IEEE Communications Surveys \& Tutorials},
  volume={15},
  number={2},
  Apages={843--859},
  year={2013},
  Apublisher={IEEE}
}


@article{homoliak2018air,
  title={An Air-Gapped 2-Factor Authentication for Smart-Contract Wallets},
  author={Homoliak, Ivan and Breitenbacher, Dominik and Binder, Alexander and Szalachowski, Pawel},
  journal={arXiv preprint arXiv:1812.03598},
  year={2018}
}


@article{eskandari2018first,
  title={A first look at the usability of bitcoin key management},
  author={Eskandari, Shayan and Clark, Jeremy and Barrera, David and Stobert, Elizabeth},
  journal={arXiv preprint arXiv:1802.04351},
  year={2018}
}

@misc{CoinbaseWallet,
  author = {{Coinbase}},
  title= {{Coinbase wallet}},
  year = {2018},
  url = {https://www.coinbase.com/},
}

@misc{CircleWallet,
  author = {{Circle Internet Financial Limited}},
  title= {{Circle Pay}},
  year = {2018},
  url = {https://www.circle.com/en/pay},
}

@misc{luno-wallet,
  title={Luno wallet},
  author={Luno},
  year={2018},
  url={https://www.luno.com/wallet/}
}

@misc{InfinitoWallet,
  author = {{ Infinity Blockchain Labs Europe}},
  title= {{Infinito wallet}},
  year = {2018},
  url = {https://www.infinitowallet.io/},
}

@misc{coinomi-wallet,
  title={{Coinomi Wallet}},
  author={{Coinomi Ltd}},
  year={2018},
  url={https://coinomi.com/}
}

@misc{CitoWiseWallet,
  author = {{Citowise Developments}},
  title= {{Citowise wallet}},
  year = {2018},
  url = {https://citowise.com/wallet},
}

@misc{CarbonWallet,
    author = {{CarbonWallet.com}},
    title= {{Multi Signature Online Cryptocurrency Wallet}},
    year = {2018},
    url = {https://carbonwallet.com/},
}

@misc{mycelium-wallet,
  title={Mycelium wallet},
  author={Mycelium Holding LTD},
  year={2018},
  url={https://wallet.mycelium.com/}
}

@misc{BTC-com-wallet,
  author = {{BTC.com}},
  title= {{BTC wallet: Powerful Bitcoin and Bitcoin Cash wallet}},
  year = {2018},
  url = {https://wallet.btc.com},
}

@misc{BlockchainInfoWallet,
  author = {{Blockchain Luxembourg S.A.}},
  title= {{Blockchain wallet}},
  year = {2018},
  url = {https://blockchain.info/wallet/},
}

@misc{BitBox,
  author = {{SHIFT Cryptosecurity}},
  title= {{BitBox hardware wallet}},
  year = {2018},
  url = {https://shiftcrypto.ch/},
}

@misc{BitLox,
  author = {{BitLox}},
  title= {{BitLox wallet}},
  year = {2018},
  url = {https://www.bitlox.com},
}

@misc{CoolWalletS,
  author = {{CoolBitX}},
  title= {{The CoolWallet S}},
  year = {2018},
  url = {https://coolwallet.io/},
}

@misc{keep-key,
  author = {{KeepKey}},
  title= {{The Simple Cryptocurrency Hardware Wallet}},
  year = {2018},
  url = {https://www.keepkey.com/},
}

@misc{trezor-hw-wallet,
  title= {{Trezor}},
  author = {{Trezor}},
  year = {2018},
  url = {https://trezor.io/},
}

@misc{ledger-nano-s,
  author = {{Ledger}},
  title= {{Ledger Nano S}},
  year = {2018},
  url = {https://www.ledger.com/products/ledger-nano-s},
}

@misc{ConsenSys-wallet,
  author = {{Consensys team}},
  title= {{Ethereum MultiSigWallet}},
  year = {2017},
  url = {https://github.com/ConsenSys/MultiSigWallet},
}

@misc{parity-wallet,
  author = {Parity Technologies},
  title= {{Parity Wallet}},
  year = {2018},
  url = {https://www.parity.io/},
}

@misc{TrezorMultisig2of3,
  author = {{Unchained Capital}},
  title= {{TrezorMultisig2of3: Ethereum Multisignature smart contract}},
  year = {2018},
  url = {https://github.com/unchained-capital/ethereum-multisig},
}

@misc{daedalus-wallet,
  title={{Daedalus Wallet}},
  author={{Daedalus Team}},
  year={2018},
  url={https://daedaluswallet.io/}
}

@misc{mbridge,
  title={{Inthanon-LionRock to mBridge: Building a multi CBDC platform for international payments}},
  author={{BIS innovation hub}},
  year={2021},
  url={https://www.bis.org/publ/othp40.htm}
}

@misc{ubin,
  title={{Project Ubin}},
  author={{Monetary Authority of Singapore}},
  year={2016},
  url={https://www.mas.gov.sg/schemes-and-initiatives/Project-Ubin}
}
@misc{Khokha,
  title={{Project Khokha: Blockchain Case Study for Central Banking in South Africa
}},
  author={{South African Reserve Bank}},
  year={2018},
  url={https://consensys.net/blockchain-use-cases/finance/project-khokha/ }
}


@article{chapman2017project,
  title={Project Jasper: Are distributed wholesale payment systems feasible yet},
  author={Chapman, James and Garratt, Rodney and Hendry, Scott and McCormack, Andrew and McMahon, Wade},
  journal={Financial System},
  volume={59},
  year={2017}
}



@misc{kishi2019project,
  title={Project Stella and the impacts of fintech on financial infrastructures in Japan},
  author={Kishi, Michinobu},
  year={2019},
  publisher={Asian Development Bank Institute}
}


@article{armelius2020krona,
  title={E-krona design models: pros, cons and trade-offs},
  author={Armelius, Hanna and Guibourg, Gabriela and Johansson, Stig and Schmalholz, Johan},
  journal={Sveriges Riksbank Economic Review},
  volume={2},
  pages={80--96},
  year={2020}
}



@article{zhang2021blockchain,
  title={Blockchain and central bank digital currency},
  author={Zhang, Tao and Huang, Zhigang},
  journal={ICT Express},
  year={2021},
  publisher={Elsevier}
}

@inproceedings{sethaput2021blockchain,
  title={Blockchain Application for Central Bank Digital Currencies (CBDC)},
  author={Sethaput, Vijak and Innet, Supachate},
  booktitle={2021 Third International Conference on Blockchain Computing and Applications (BCCA)},
  pages={3--10},
  year={2021},
  organization={IEEE}
}

@article{boar2020impending,
  title={Impending arrival--a sequel to the survey on central bank digital currency},
  author={Boar, Codruta and Holden, Henry and Wadsworth, Amber},
  journal={BIS paper},
  number={107},
  year={2020}
}

@article{nanez2020reasons,
  title={Reasons fostering or discouraging the implementation of central bank-backed digital currency: A review},
  author={N{\'a}{\~n}ez Alonso, Sergio Luis and Echarte Fern{\'a}ndez, Miguel {\'A}ngel and Sanz Bas, David and Kaczmarek, Jaros{\l}aw},
  journal={Economies},
  volume={8},
  number={2},
  pages={41},
  year={2020},
  publisher={Multidisciplinary Digital Publishing Institute}
}


@article{boar2021ready,
  title={Ready, steady, go?-Results of the third BIS survey on central bank digital currency},
  author={Boar, Codruta and Wehrli, Andreas},
  year={2021}
}



@misc{BitcoinWallet,
  author = {{Bitcoin Wallet developers}},
  title= {{Bitcoin Wallet}},
  year = {2018},
  url = {https://github.com/bitcoin-wallet/bitcoin-wallet},
}

@misc{BitcoinCore,
  author = {{Bitcoin Project}},
  title= {{Bitcoin Core}},
  year = {2018},
  url = {https://bitcoin.org/en/download},
}

@misc{MyEtherWallet,
  author = {{MyEtherWallet, Inc}},
  title= {{MyEtherWallet}},
  year = {2018},
  url = {https://www.myetherwallet.com/},
}

@misc{Electrum-SW-Wallet,
  author = {{Electrum Technologies GmbH}},
  title= {{Electrum Bitcoin wallet}},
  year = {2018},
  url = {https://electrum.org/},
}

@misc{Armory-SW-Wallet,
  author = {{Armory Technologies, Inc}},
  title= {{Bitcoin Armory}},
  year = {2016},
  url = {https://www.bitcoinarmory.com},
}

@misc{2018-coindesk-bithumb,
  author = {{Wolfie Zhao}},
  title= {{Bithumb \$31 Million Crypto Exchange Hack: What We Know (And Don't)}},
  year = {2018},
  url = {https://www.coindesk.com/bithumb-exchanges-31-million-hack-know-dont-know/},
}


@misc{2016-Bitfinex-hack,
  author = {{Reuters}},
  title= {{Bitcoin Worth \$72M Was Stolen in Bitfinex Exchange Hack in Hong Kong}},
  year = {2016},
  url = {http://fortune.com/2016/08/03/bitcoin-stolen-bitfinex-hack-hong-kong/},
}

@misc{cbdc-manifesto,
  author = {{Digital Euro Association}},
  title= {{The CBDC Manifesto}},
  year = {2022},
  url = {https://cbdcmanifesto.com/},
}

@misc{2014-Mt-Gox,
  author = {{Rachel Abrams and Nathaniel Popper}},
  title= {{Trading Site Failure Stirs Ire and Hope for Bitcoin}},
  year = {2014},
  howpublished = {https://nyti.ms/2QP1k9b},
}

@inproceedings{moore2013beware,
  title={Beware the middleman: Empirical analysis of Bitcoin-exchange risk},
  author={Moore, Tyler and Christin, Nicolas},
  booktitle={FC},
  Apages={25--33},
  year={2013},
  Aorganization={Springer}
}


@misc{2015-CCSM-SecureWorks,
  author={{Dell SecureWorks}},
  title={Cryptocurrency-Stealing Malware Landscape},
  Aorganization = {Dell SecureWorks},
  year={2015},
  url={http://www.opensource.im/cryptocurrency/cryptocurrency-stealing-malware-landscape-dell-secureworks.php}
}

@inproceedings{2015-Bitcoin-SOK,
  title={Sok: Research perspectives and challenges for bitcoin and cryptocurrencies},
  author={Bonneau, Joseph and Miller, Andrew and Clark, Jeremy and Narayanan, Arvind and Kroll, Joshua A and Felten, Edward W},
  booktitle={IEEE SP},
  Apages={104--121},
  year={2015},
  Aorganization={IEEE}
}

@misc{2017-keylogger-bc-malware,
  title={Cyren sounds siren over Bitcoin siphon scam},
  author={Antony Peyton},
  Aorganization = {FinTech Futures},
  year={2017},
  url={https://www.bankingtech.com/2017/01/cyren-sounds-siren-over-bitcoin-siphon-scam/}
}

@article{courtois2016speed,
  title={Speed optimizations in Bitcoin key recovery attacks},
  author={Courtois, Nicolas and Song, Guangyan and Castellucci, Ryan},
  journal={Tatra Mountains Mathematical Publications},
  volume={67},
  number={1},
  Apages={55--68},
  year={2016},
  Apublisher={De Gruyter Open}
}


@misc{goldfeder2015securing,
  title={Securing Bitcoin wallets via a new DSA/ECDSA threshold signature scheme},
  author={Goldfeder, Steven and Gennaro, Rosario and Kalodner, Harry and Bonneau, Joseph and Kroll, Joshua A and Felten, Edward W and Narayanan, Arvind},
  year={2015},
  Apublisher={Accessed 2015-06-09}
}

@misc{buterin2014long,
  title={{Long-range attacks: The serious problem with adaptive proof of work}},
  author={Buterin, Vitalik},
  year={2014},
  howpublished="\url{http://bit.ly/2JUYNJE}"
}

@article{franklin2006survey,
  title={A survey of key evolving cryptosystems},
  author={Franklin, Matt},
  journal={International Journal of Security and Networks},
  volume={1},
  number={1-2},
  Apages={46--53},
  year={2006},
  Apublisher={Inderscience Apublishers}
}

@article{cachin2005random,
  title={Random oracles in Constantinople: Practical asynchronous Byzantine agreement using cryptography},
  author={Cachin, Christian and Kursawe, Klaus and Shoup, Victor},
  journal={JoC},
  volume={18},
  number={3},
  Apages={219--246},
  year={2005},
  Apublisher={Springer}
}

@article{ROBINSON2021108488,
title = {Survey of crosschain communications protocols},
journal = {Computer Networks},
volume = {200},
pages = {108488},
year = {2021},
issn = {1389-1286},
doi = {https://doi.org/10.1016/j.comnet.2021.108488},
url = {https://www.sciencedirect.com/science/article/pii/S1389128621004321},
author = {Peter Robinson},
keywords = {Crosschain, Blockchain, Consensus, Atomic, Ethereum},
abstract = {Crosschain communications allows information to be communicated between blockchains. Consensus in the context of crosschain communications relates to how participants on one blockchain are convinced of the state of a remote blockchain. It describes how parties associated with a source blockchain come to agreement and communicate with a destination blockchain such that information from the source blockchain can be trusted. This paper surveys crosschain communications protocols, presenting them based on the top-level usage scenarios they are trying to meet: value swapping, crosschain messaging, and blockchain pinning. It analyses how each protocol achieves crosschain consensus, what trust assumptions are made, their ability to operate successfully in permissionless and permissioned blockchains contexts, and whether the protocol delivers atomic updates across blockchains.}
}

@misc{poon2016bitcoin,
  title={The bitcoin lightning network: Scalable off-chain instant payments},
  author={Poon, Joseph and Dryja, Thaddeus},
  year={2016}
}

@inproceedings{qasse2019inter,
  title={Inter blockchain communication: A survey},
  author={Qasse, Ilham A and Abu Talib, Manar and Nasir, Qassim},
  booktitle={Proceedings of the ArabWIC 6th Annual International Conference Research Track},
  pages={1--6},
  year={2019}
}

@article{belchior2021survey,
  title={A survey on blockchain interoperability: Past, present, and future trends},
  author={Belchior, Rafael and Vasconcelos, Andr{\'e} and Guerreiro, S{\'e}rgio and Correia, Miguel},
  journal={ACM Computing Surveys (CSUR)},
  volume={54},
  number={8},
  pages={1--41},
  year={2021},
  publisher={ACM New York, NY}
}

@misc{sgx-attacks-survey,
  title={A Survey of Published Attacks on Intel SGX}, 
  author={Alexander Nilsson and Pegah Nikbakht Bideh and Joakim Brorsson},
  year={2020},
  eprint={2006.13598},
  archivePrefix={arXiv},
  primaryClass={cs.CR}
}

@misc{homoliak2020aquareum,
	title={Aquareum: A Centralized Ledger Enhanced with Blockchain and Trusted Computing},
	author={Ivan Homoliak and Pawel Szalachowski},
	year={2020},
	eprint={2005.13339},
	archivePrefix={arXiv},
	primaryClass={cs.CR}
}

@inproceedings{shoup2000practical,
  title={Practical threshold signatures},
  author={Shoup, Victor},
  booktitle={EUROCRYPT},
  Apages={207--220},
  year={2000},
  Aorganization={Springer}
}

@article{li2018blockchain,
  title={Blockchain for large-scale internet of things data storage and protection},
  author={Li, Ruinian and Song, Tianyi and Mei, Bo and Li, Hong and Cheng, Xiuzhen and Sun, Limin},
  journal={IEEE Transactions on Services Computing},
  year={2018},
  publisher={IEEE}
}

@inproceedings{anati2013innovative,
  title={Innovative technology for CPU based attestation and sealing},
  author={Anati, Ittai and Gueron, Shay and Johnson, Simon and Scarlata, Vincent},
  booktitle={Proceedings of the 2nd international workshop on hardware and architectural support for security and privacy},
  volume={13},
  year={2013},
  organization={ACM New York, NY, USA}
}

@misc{atomic-swap,
    title = {{Atomic Swap}},
    author = {{Bitcoin Wiki}},
    year = {2018},
    url = "{https://en.bitcoinwiki.org/wiki/Atomic_Swap}"
}

@misc{komodo-exchange,
  title={{Komodo}},
  author={{Komodo team}},
  year={2019},  
  url = "{https://komodoplatform.com/atomic-swap-technology/}"  
}

@inproceedings{micali2003simple,
  title={Simple and fast optimistic protocols for fair electronic exchange},
  author={Micali, Silvio},
  booktitle={Proceedings of the twenty-second annual symposium on Principles of distributed computing},
  pages={12--19},
  year={2003},
  organization={ACM}
}

@article{mckeen2013innovative,
  title={Innovative instructions and software model for isolated execution.},
  author={McKeen, Frank and Alexandrovich, Ilya and Berenzon, Alex and Rozas, Carlos V and Shafi, Hisham and Shanbhogue, Vedvyas and Savagaonkar, Uday R},
  journal={Hasp@isca},
  volume={10},
  number={1},
  year={2013}
}


@article{hoekstra2013using,
  title={Using innovative instructions to create trustworthy software solutions.},
  author={Hoekstra, Matthew and Lal, Reshma and Pappachan, Pradeep and Phegade, Vinay and Del Cuvillo, Juan},
  journal={HASP@ ISCA},
  volume={11},
  year={2013}
}

@inproceedings{subramanyan2017formal,
  title={A formal foundation for secure remote execution of enclaves},
  author={Subramanyan, Pramod and Sinha, Rohit and Lebedev, Ilia and Devadas, Srinivas and Seshia, Sanjit A},
  booktitle={Proceedings of the 2017 ACM SIGSAC Conference on Computer and Communications Security},
  pages={2435--2450},
  year={2017}
}

%%% patrik and fran

@article{bellavista2021interoperable,
  title={Interoperable Blockchains for Highly-Integrated Supply Chains in Collaborative Manufacturing},
  author={Bellavista, Paolo and Esposito, Christian and Foschini, Luca and Giannelli, Carlo and Mazzocca, Nicola and Montanari, Rebecca},
  journal={Sensors},
  volume={21},
  number={15},
  pages={4955},
  year={2021},
  publisher={Multidisciplinary Digital Publishing Institute}
}

@article{mohanty2022blockchain,
  title={Blockchain Interoperability: Towards a Sustainable Payment System},
  author={Mohanty, Debasis and Anand, Divya and Aljahdali, Hani Moaiteq and Villar, Santos Gracia},
  journal={Sustainability},
  volume={14},
  number={2},
  pages={913},
  year={2022},
  publisher={Multidisciplinary Digital Publishing Institute}
}

@article{kiff2020survey,
  title={A survey of research on retail central bank digital currency},
  author={Kiff, Mr John and Alwazir, Jihad and Davidovic, Sonja and Farias, Aquiles and Khan, Mr Ashraf and Khiaonarong, Mr Tanai and Malaika, Majid and Monroe, Mr Hunter K and Sugimoto, Nobu and Tourpe, Herv{\'e} and others},
  year={2020},
  publisher={International Monetary Fund}
}

@article{wang2020hybridchain,
  title={Hybridchain: A novel architecture for confidentiality-preserving and performant permissioned blockchain using trusted execution environment},
  author={Wang, Yong and Li, June and Zhao, Siyu and Yu, Fajiang},
  journal={IEEE Access},
  volume={8},
  pages={190652--190662},
  year={2020},
  publisher={IEEE}
}

@misc{breidenbach2021chainlink,
  title={Chainlink 2.0: Next steps in the evolution of decentralized oracle networks},
  author={Breidenbach, Lorenz and Cachin, Christian and Chan, Benedict and Coventry, Alex and Ellis, Steve and Juels, Ari and Koushanfar, Farinaz and Miller, Andrew and Magauran, Brendan and Moroz, Daniel and others},
  year={2021}
}



@article{alshamsi2022systematic,
  title={A Systematic Review on Blockchain Adoption},
  author={AlShamsi, Mohammed and Al-Emran, Mostafa and Shaalan, Khaled},
  journal={Applied Sciences},
  volume={12},
  number={9},
  pages={4245},
  year={2022},
  publisher={Multidisciplinary Digital Publishing Institute}
}

@inproceedings{lan2021trustcross,
author = {Lan, Ying and others},
title = {TrustCross: Enabling Confidential Interoperability across Blockchains Using Trusted Hardware},
year = {2021},
isbn = {9781450387460},
publisher = {Association for Computing Machinery},
address = {New York, NY, USA},
doi = {10.1145/3510487.3510491},
booktitle = {2021 4th International Conference on Blockchain Technology and Applications},
pages = {17–23},
numpages = {7},
keywords = {Blockchain interoperability, Cross-chain protocol, Access control, Confidentiality, Trusted execution environment},
location = {Xi'an, China},
series = {ICBTA 2021}
}

@inproceedings{sigwart2021decentralized,
  title={Decentralized cross-blockchain asset transfers},
  author={Sigwart, Marten and Frauenthaler, Philipp and Spanring, Christof and Sober, Michael and Schulte, Stefan},
  booktitle={2021 Third International Conference on Blockchain Computing and Applications (BCCA)},
  pages={34--41},
  year={2021},
  organization={IEEE}
}
@inproceedings{liu2019hyperservice,
  title={Hyperservice: Interoperability and programmability across heterogeneous blockchains},
  author={Liu, Zhuotao and Xiang, Yangxi and Shi, Jian and Gao, Peng and Wang, Haoyu and Xiao, Xusheng and Wen, Bihan and Hu, Yih-Chun},
  booktitle={Proceedings of the 2019 ACM SIGSAC Conference on Computer and Communications Security},
  pages={549--566},
  year={2019}
}


@inproceedings{ghosh2021leveraging,
  title={Leveraging public-private blockchain interoperability for closed consortium interfacing},
  author={Ghosh, Bishakh Chandra and Bhartia, Tanay and Addya, Sourav Kanti and Chakraborty, Sandip},
  booktitle={IEEE INFOCOM 2021-IEEE Conference on Computer Communications},
  pages={1--10},
  year={2021},
  organization={IEEE}
}

@article{christodorescu2021universal,
  title={Universal Payment Channels: An Interoperability Platform for Digital Currencies},
  author={Christodorescu, Mihai and English, Erin and Gu, Wanyun Catherine and Kreissman, David and Kumaresan, Ranjit and Minaei, Mohsen and Raghuraman, Srinivasan and Sheffield, Cuy and Wijeyekoon, Arjuna and Zamani, Mahdi},
  journal={arXiv preprint arXiv:2109.12194},
  year={2021}
}


%%

@article{lind2017teechain,
  title={Teechain: Scalable blockchain payments using trusted execution environments},
  author={Lind, Joshua and Eyal, Ittay and Kelbert, Florian and Naor, Oded and Pietzuch, Peter and Sirer, Emin G{\"u}n},
  journal={arXiv preprint arXiv:1707.05454},
  year={2017}
}

@article{cheng2018ekiden,
  title={Ekiden: A platform for confidentiality-preserving, trustworthy, and performant smart contract execution},
  author={Cheng, Raymond and Zhang, Fan and Kos, Jernej and He, Warren and Hynes, Nicholas and Johnson, Noah and Juels, Ari and Miller, Andrew and Song, Dawn},
  journal={arXiv preprint arXiv:1804.05141},
  year={2018}
}

@inproceedings{das2019fastkitten,
  title={$\{$FastKitten$\}$: Practical Smart Contracts on Bitcoin},
  author={Das, Poulami and Eckey, Lisa and Frassetto, Tommaso and Gens, David and Host{\'a}kov{\'a}, Kristina and Jauernig, Patrick and Faust, Sebastian and Sadeghi, Ahmad-Reza},
  booktitle={28th USENIX Security Symposium (USENIX Security 19)},
  pages={801--818},
  year={2019}
}

 %% check
@article{sompolinsky2016spectre, 
  title={SPECTRE: A Fast and Scalable Cryptocurrency Protocol.},
  author={Sompolinsky, Yonatan and Lewenberg, Yoad and Zohar, Aviv},
  journal={IACR Cryptology ePrint Archive},
  volume={2016},
  pages={1159},
  year={2016}
}

@inproceedings{paccagnella2020custos,
  title={Custos: Practical tamper-evident auditing of operating systems using trusted execution},
  author={Paccagnella, Riccardo and Datta, Pubali and Hassan, Wajih Ul and Bates, Adam and Fletcher, Christopher and Miller, Andrew and Tian, Dave},
  booktitle={Network and Distributed System Security Symposium},
  year={2020}
}

@ARTICLE{2022cbdctypes,
  author={Jin, Si Yuan and Xia, Yong},
  journal={IEEE Access}, 
  title={CEV Framework: A Central Bank Digital Currency Evaluation and Verification Framework With a Focus on Consensus Algorithms and Operating Architectures}, 
  year={2022},
  volume={10},
  number={},
  pages={63698-63714},
  doi={10.1109/ACCESS.2022.3183092}
}


@inproceedings{2022cbdcrise,
  title={Decoding the rise of Central Bank Digital Currency in China: designs, problems, and prospects},
  author={Pangyue Cheng},
  journal={Journal of Banking Regulation},
  year={2022},
}


@article{2019Interledger,
author = {Siris, Vasilios and Nikander, Pekka and Voulgaris, Spyros and Fotiou, Nikos and Lagutin, Dmitrij and Polyzos, George},
year = {2019},
month = {07},
pages = {1-1},
title = {Interledger Approaches},
volume = {PP},
journal = {IEEE Access},
doi = {10.1109/ACCESS.2019.2926880}
}

@misc{2020Polkadot,
  doi = {10.48550/ARXIV.2005.13456},
  url = {https://arxiv.org/abs/2005.13456},
  author = {Burdges, Jeff and Cevallos, Alfonso and Czaban, Peter and Habermeier, Rob and Hosseini, Syed and Lama, Fabio and Alper, Handan Kilinc and Luo, Ximin and Shirazi, Fatemeh and Stewart, Alistair and Wood, Gavin},
  keywords = {Cryptography and Security (cs.CR), FOS: Computer and information sciences, FOS: Computer and information sciences},
  title = {Overview of Polkadot and its Design Considerations},
  publisher = {arXiv},
  year = {2020},
  copyright = {arXiv.org perpetual, non-exclusive license}
}

@ARTICLE{2021aapXChain,
  author={Madine, Mohammad and Salah, Khaled and Jayaraman, Raja and Al-Hammadi, Yousof and Arshad, Junaid and Yaqoob, Ibrar},
  journal={IEEE Access}, 
  title={appXchain: Application-Level Interoperability for Blockchain Networks}, 
  year={2021},
  volume={9},
  number={},
  pages={87777-87791},
  doi={10.1109/ACCESS.2021.3089603}
}


@INPROCEEDINGS{2021TrustedRelays,
  author={Wang, Gang and Nixon, Mark},
  booktitle={2021 IEEE International Conference on Blockchain (Blockchain)}, 
  title={InterTrust: Towards an Efficient Blockchain Interoperability Architecture with Trusted Services}, 
  year={2021},
  volume={},
  number={},
  pages={150-159},
  doi={10.1109/Blockchain53845.2021.00029}
}


@InProceedings{2021HashTimeLocks,
    author="Dcunha, Snoviya
    and Patel, Srushti
    and Sawant, Shravani
    and Kulkarni, Varsha
    and Shirole, Mahesh",
    editor="Nath, Vijay
    and Mandal, J. K.",
    title="Blockchain Interoperability Using Hash Time Locks",
    booktitle="Proceeding of Fifth International Conference on Microelectronics, Computing and Communication Systems",
    year="2021",
    publisher="Springer Singapore",
    address="Singapore",
    pages="475--487",
    abstract="The recent escalation of individual, independent blockchain networks has engendered the need for a robust solution to communication between the various token networks. The solution must conform to industry standards and must be universally endorsed. This research paper explores various studies and implementations conducted under the topic of interoperability between different blockchain networks. Discovering various aspects of a blockchain system, comparing existing solutions and proposing a solution for communication between any two token blockchain networks are the steps effectuated. The proposed solution allows for a secure transfer of tokens between homogeneous blockchains using the concept of hash time locked contracts. Involving a self-enlisted middleman in the transaction eliminates the need for an external interface or a centralised authority for transaction, and reinforces trust. As a result, a safe and reliable transfer of tokens without the involvement of a centralised third party takes place. The solution warrants a mass adoption for further testing, however, it executes in a stable environment between two homogeneous token blockchain networks.",
    isbn="978-981-16-0275-7"
}

@inproceedings{2019SideChains,
    author = {Musungate, Blessing and Candan, Busra and Cabuk, Umut and Dalkilic, Gokhan},
    year = {2019},
    month = {10},
    pages = {},
    title = {Sidechains: Highlights and Challenges},
    doi = {10.1109/ASYU48272.2019.8946384}
}


%%% fran for cbdc challenges
article{hoang2023central,
  title={Central bank digital currency: A systematic literature review using text mining approach},
  author={Hoang, Yen Hai and Ngo, Vu Minh and Vu, Ngoc Bich},
  journal={Research in International Business and Finance},
  pages={101889},
  year={2023},
  publisher={Elsevier}
}
